@book{burke2002macrophage,
  title={The Macrophage 2nd Edition},
  author={Burke, Bernard and Lewis, Claire E},
  year={2002}
}
@article{gordon2005monocyte,
  title={Monocyte and macrophage heterogeneity},
  author={Gordon, Siamon and Taylor, Philip R},
  journal={Nature Reviews Immunology},
  volume={5},
  number={12},
  pages={953--964},
  year={2005},
  publisher={Nature Publishing Group}
}
@book{murphy2011janeway,
  title={Janeway's immunobiology},
  author={Murphy, Kenneth M},
  year={2011},
  publisher={Garland Science}
}
@article{almeida2012quorum,
  title={Quorum-sensing in CD4+ T cell homeostasis: a hypothesis and a model},
  author={Almeida, Afonso RM and Amado, In{\^e}s F and Reynolds, Joseph and Berges, Julien and Lythe, Grant and Molina-Par{\'\i}s, Carmen and Freitas, Antonio A},
  journal={Frontiers in immunology},
  volume={3},
  year={2012},
  publisher={Frontiers Media SA}
}   
@article{reynolds2014mathematical,
  title={A mathematical perspective on CD4+ T cell quorum-sensing},
  author={Reynolds, Joseph and Amado, In{\^e}s F and Freitas, Antonio A and Lythe, Grant and Molina-Par{\'\i}s, Carmen},
  journal={Journal of theoretical biology},
  volume={347},
  pages={160--175},
  year={2014},
  publisher={Elsevier}
}
@article{gordon2010alternative,
  title={Alternative activation of macrophages: mechanism and functions},
  author={Gordon, Siamon and Martinez, Fernando O},
  journal={Immunity},
  volume={32},
  number={5},
  pages={593--604},
  year={2010},
  publisher={Elsevier}
}
@article{oyston2004tularaemia,
  title={Tularaemia: bioterrorism defence renews interest in Francisella tularensis},
  author={Oyston, Petra CF and Sj{\"o}stedt, Anders and Titball, Richard W},
  journal={Nature Reviews Microbiology},
  volume={2},
  number={12},
  pages={967--978},
  year={2004},
  publisher={Nature Publishing Group}
}
@article{kawai2010role,
  title={The role of pattern-recognition receptors in innate immunity: update on Toll-like receptors},
  author={Kawai, Taro and Akira, Shizuo},
  journal={Nature immunology},
  volume={11},
  number={5},
  pages={373--384},
  year={2010},
  publisher={Nature Publishing Group}
}
@article{krombach1997cell,
  title={Cell size of alveolar macrophages: an interspecies comparison.},
  author={Krombach, Fritz and M{\"u}nzing, Silvia and Allmeling, Anne-Marie and Gerlach, J Tilman and Behr, J{\"u}rgen and D{\"o}rger, Martina},
  journal={Environmental health perspectives},
  volume={105},
  number={Suppl 5},
  pages={1261},
  year={1997},
  publisher={National Institute of Environmental Health Science}
}
@article{huynh2007fusion,
  title={Fusion, fission, and secretion during phagocytosis},
  author={Huynh, Kassidy K and Kay, Jason G and Stow, Jennifer L and Grinstein, Sergio},
  journal={Physiology},
  volume={22},
  number={6},
  pages={366--372},
  year={2007},
  publisher={Am Physiological Soc}
}
@article{champion2006role,
  title={Role of target geometry in phagocytosis},
  author={Champion, Julie A and Mitragotri, Samir},
  journal={Proceedings of the National Academy of Sciences of the United States of America},
  volume={103},
  number={13},
  pages={4930--4934},
  year={2006},
  publisher={National Acad Sciences}
}
@article{stirzaker2005stochastic,
  title={Stochastic processes and models},
  author={Stirzaker, David and others},
  journal={OUP Catalogue},
  year={2005},
  publisher={Oxford University Press}
}
@article{gillard2014modeling,
  title={Modeling early events in Francisella tularensis pathogenesis},
  author={Gillard, Joseph J and Laws, Thomas R and Lythe, Grant and Molina-Par{\'\i}s, Carmen},
  journal={Frontiers in cellular and infection microbiology},
  volume={4},
  pages={169},
  year={2014},
  publisher={Frontiers}
}
@article{gordon2003alternative,
  title={Alternative activation of macrophages},
  author={Gordon, Siamon},
  journal={Nature reviews immunology},
  volume={3},
  number={1},
  pages={23--35},
  year={2003},
  publisher={Nature Publishing Group}
}
@article{almeida2012quorum,
  title={Quorum-sensing in CD4+ T cell homeostasis: a hypothesis and a model},
  author={Almeida, Afonso RM and Amado, In{\^e}s F and Reynolds, Joseph and Berges, Julien and Lythe, Grant and Molina-Par{\'\i}s, Carmen and Freitas, Antonio A},
  journal={Frontiers in immunology},
  volume={3},
  year={2012},
  publisher={Frontiers Media SA}
}   
@article{reynolds2014mathematical,
  title={A mathematical perspective on CD4+ T cell quorum-sensing},
  author={Reynolds, Joseph and Amado, In{\^e}s F and Freitas, Antonio A and Lythe, Grant and Molina-Par{\'\i}s, Carmen},
  journal={Journal of theoretical biology},
  volume={347},
  pages={160--175},
  year={2014},
  publisher={Elsevier}
}
@book{levinepartial,
  title={Partial Differential Equations},
  author={Levine, H.},
  isbn={9780821888100},
  url={https://books.google.co.uk/books?id=j27edEnRK6gC},
  year={1997},
  publisher={American Mathematical Soc.}
}
@article{arend1973macrophage,
  title={The macrophage receptor for IgG: number and affinity of binding sites},
  author={Arend, William P and Mannik, Mart},
  journal={The Journal of Immunology},
  volume={110},
  number={6},
  pages={1455--1463},
  year={1973},
  publisher={Am Assoc Immnol}
}
@article{nimmerjahn2008fcgamma,
  title={Fc$\gamma$ receptors as regulators of immune responses},
  author={Nimmerjahn, Falk and Ravetch, Jeffrey V},
  journal={Nature Reviews Immunology},
  volume={8},
  number={1},
  pages={34--47},
  year={2008},
  publisher={Nature Publishing Group}
}
@book{jackson1999classical,
  title={Classical electrodynamics},
  author={Jackson, John David},
  year={1999},
  publisher={Wiley}
}
@article{cheviakov2011optimizing,
  title={Optimizing the principal eigenvalue of the {L}aplacian in a sphere with interior traps},
  author={Cheviakov, Alexei F and Ward, Michael J},
  journal={Mathematical and Computer Modelling},
  volume={53},
  number={7},
  pages={1394--1409},
  year={2011},
  publisher={Elsevier}
}
@article{schulert2006differential,
  title={Differential infection of mononuclear phagocytes by Francisella tularensis: role of the macrophage mannose receptor},
  author={Schulert, Grant S and Allen, Lee-Ann H},
  journal={Journal of leukocyte biology},
  volume={80},
  number={3},
  pages={563--571},
  year={2006},
  publisher={Soc Leukocyte Biology}
}
@article{lloyd2007role,
  title={Role of sugars in surface microbe--host interactions and immune reaction modulation},
  author={Lloyd, David H and Viac, Jacqueline and Werling, Dirk and R{\`e}me, Christophe A and Gatto, Hugues},
  journal={Veterinary dermatology},
  volume={18},
  number={4},
  pages={197--204},
  year={2007},
  publisher={Wiley Online Library}
}
@article{shirey2008francisella,
  title={Francisella tularensis live vaccine strain induces macrophage alternative activation as a survival mechanism},
  author={Shirey, Kari Ann and Cole, Leah E and Keegan, Achsah D and Vogel, Stefanie N},
  journal={The Journal of Immunology},
  volume={181},
  number={6},
  pages={4159--4167},
  year={2008},
  publisher={Am Assoc Immnol}
}
@article{stahl1998mannose,
  title={The mannose receptor is a pattern recognition receptor involved in host defense},
  author={Stahl, Philip D and Ezekowitz, R Alan B},
  journal={Current opinion in immunology},
  volume={10},
  number={1},
  pages={50--55},
  year={1998},
  publisher={Elsevier}
}
@article{stahl1992mannose,
  title={The mannose receptor and other macrophage lectins},
  author={Stahl, Philip D},
  journal={Current opinion in immunology},
  volume={4},
  number={1},
  pages={49--52},
  year={1992},
  publisher={Elsevier}
}
@article{telepnev2003francisella,
  title={Francisella tularensis inhibits Toll-like receptor-mediated activation of intracellular signalling and secretion of TNF-$\alpha$ and IL-1 from murine macrophages},
  author={Telepnev, Max and Golovliov, Igor and Grundstr{\"o}m, Thomas and T{\"a}rnvik, Arne and Sj{\"o}stedt, Anders},
  journal={Cellular microbiology},
  volume={5},
  number={1},
  pages={41--51},
  year={2003},
  publisher={Wiley Online Library}
}
@article{balagopal2006characterization,
  title={Characterization of the receptor-ligand pathways important for entry and survival of Francisella tularensis in human macrophages},
  author={Balagopal, Ashwin and MacFarlane, Amanda Shearer and Mohapatra, Nrusingh and Soni, Shilpa and Gunn, John S and Schlesinger, Larry S},
  journal={Infection and immunity},
  volume={74},
  number={9},
  pages={5114--5125},
  year={2006},
  publisher={Am Soc Microbiol}
}
@article{pierini2006uptake,
  title={Uptake of serum-opsonized Francisella tularensis by macrophages can be mediated by class A scavenger receptors},
  author={Pierini, Lynda M},
  journal={Cellular microbiology},
  volume={8},
  number={8},
  pages={1361--1370},
  year={2006},
  publisher={Wiley Online Library}
}
@article{bruhns2009specificity,
  title={Specificity and affinity of human Fc$\gamma$ receptors and their polymorphic variants for human IgG subclasses},
  author={Bruhns, Pierre and Iannascoli, Bruno and England, Patrick and Mancardi, David A and Fernandez, Nadine and Jorieux, Sylvie and Da{\"e}ron, Marc},
  journal={Blood},
  volume={113},
  number={16},
  pages={3716--3725},
  year={2009},
  publisher={Am Soc Hematology}
}
@article{anderson1990phagocytosis,
  title={Phagocytosis mediated by three distinct Fc gamma receptor classes on human leukocytes.},
  author={Anderson, Clark L and Shen, Li and Eicher, Donald M and Wewers, MARK D and Gill, JONA K},
  journal={Journal of Experimental Medicine},
  volume={171},
  number={4},
  pages={1333--1345},
  year={1990},
  publisher={Rockefeller University Press}
}
@article{van1999effective,
  title={Effective phagocytosis and killing of Candida albicans via targeting Fc$\gamma$RI (CD64) or Fc$\alpha$RI (CD89) on neutrophils},
  author={van Spriel, Annemiek B and van den Herik-Oudijk, Ingrid E and van Sorge, Nina M and Vil{\'e}, Henriette A and van Strijp, Jos AG and van de Winkel, Jan GJ},
  journal={Journal of Infectious Diseases},
  volume={179},
  number={3},
  pages={661--669},
  year={1999},
  publisher={Oxford University Press}
}
@article{daeron1994tyrosine,
  title={Tyrosine-containing activation motif-dependent phagocytosis in mast cells.},
  author={Da{\"e}ron, Marc and Malbec, Odile and Bonnerot, Christian and Latour, Sylvain and Segal, David M and Fridman, Wolf H},
  journal={The Journal of Immunology},
  volume={152},
  number={2},
  pages={783--792},
  year={1994},
  publisher={Am Assoc Immnol}
}
@article{ghiran2000complement,
  title={Complement receptor 1/CD35 is a receptor for mannan-binding lectin},
  author={Ghiran, Ionita and Barbashov, Sergi F and Klickstein, Lloyd B and Tas, Sander W and Jensenius, Jens C and Nicholson-Weller, Anne},
  journal={Journal of Experimental Medicine},
  volume={192},
  number={12},
  pages={1797--1808},
  year={2000},
  publisher={Rockefeller University Press}
}
@article{ross1992macrophage,
  title={Macrophage cytoskeleton association with CR3 and CR4 regulates receptor mobility and phagocytosis of iC3b-opsonized erythrocytes.},
  author={Ross, Gordon D and Reed, William and Dalzell, Juanita G and Becker, Susanne E and Hogg, Nancy},
  journal={Journal of leukocyte biology},
  volume={51},
  number={2},
  pages={109--117},
  year={1992},
  publisher={Soc Leukocyte Biology}
}
@article{yakubenko2002molecular,
  title={A molecular basis for integrin $\alpha$M$\beta$2 ligand binding promiscuity},
  author={Yakubenko, Valentin P and Lishko, Valeryi K and Lam, Stephen C-T and Ugarova, Tatiana P},
  journal={Journal of Biological Chemistry},
  volume={277},
  number={50},
  pages={48635--48642},
  year={2002},
  publisher={ASBMB}
}
@article{humphries2006integrin,
  title={Integrin ligands at a glance},
  author={Humphries, Jonathan D and Byron, Adam and Humphries, Martin J},
  journal={Journal of cell science},
  volume={119},
  number={19},
  pages={3901--3903},
  year={2006},
  publisher={The Company of Biologists Ltd}
}
@article{loike1991cd11c,
  title={CD11c/CD18 on neutrophils recognizes a domain at the N terminus of the A alpha chain of fibrinogen},
  author={Loike, John D and Sodeik, Beate and Cao, Long and Leucona, Sonya and Weitz, Jeffrey I and Detmers, Patricia A and Wright, Samuel D and Silverstein, Samule C},
  journal={Proceedings of the National Academy of Sciences},
  volume={88},
  number={3},
  pages={1044--1048},
  year={1991},
  publisher={National Acad Sciences}
}
@article{springer1993domain,
  title={The I domain is a major recognition site on the leukocyte integrin Mac-1 (CDllb/CD18) for four distinct adhesion ligands},
  author={Springer, Timothy A},
  journal={The Journal of CeU Biology},
  volume={120},
  number={4},
  pages={1031--1043},
  year={1993}
}
@article{davis1992affinity,
  title={Affinity of integrins for damaged extracellular matrix: $\alpha$ v $\beta$ 3 binds to denatured collagen type I through RGD sites},
  author={Davis, George E},
  journal={Biochemical and biophysical research communications},
  volume={182},
  number={3},
  pages={1025--1031},
  year={1992},
  publisher={Elsevier}
}
@article{brown2002dectin,
  title={Dectin-1 is a major $\beta$-glucan receptor on macrophages},
  author={Brown, Gordon D and Taylor, Philip R and Reid, Delyth M and Willment, Janet A and Williams, David L and Martinez-Pomares, Luisa and Wong, Simon YC and Gordon, Siamon},
  journal={The Journal of experimental medicine},
  volume={196},
  number={3},
  pages={407--412},
  year={2002},
  publisher={Rockefeller Univ Press}
}
@article{schiff1997phagocytosis,
  title={Phagocytosis of gram-negative bacteria by a unique CD14-dependent mechanism.},
  author={Schiff, DE and Kline, L and Soldau, K and Lee, JD and Pugin, J and Tobias, PS and Ulevitch, RJ},
  journal={Journal of leukocyte biology},
  volume={62},
  number={6},
  pages={786--794},
  year={1997},
  publisher={Soc Leukocyte Biology}
}
@article{ezekowitz1990molecular,
  title={Molecular characterization of the human macrophage mannose receptor: demonstration of multiple carbohydrate recognition-like domains and phagocytosis of yeasts in Cos-1 cells.},
  author={Ezekowitz, RA and Sastry, K and Bailly, P and Warner, A},
  journal={Journal of Experimental Medicine},
  volume={172},
  number={6},
  pages={1785--1794},
  year={1990},
  publisher={Rockefeller University Press}
}
@article{das2011brain,
  title={Brain angiogenesis inhibitor 1 (BAI1) is a pattern recognition receptor that mediates macrophage binding and engulfment of Gram-negative bacteria},
  author={Das, Soumita and Owen, Katherine A and Ly, Kim T and Park, Daeho and Black, Steven G and Wilson, Jeffrey M and Sifri, Costi D and Ravichandran, Kodi S and Ernst, Peter B and Casanova, James E},
  journal={Proceedings of the National Academy of Sciences},
  volume={108},
  number={5},
  pages={2136--2141},
  year={2011},
  publisher={National Acad Sciences}
}
@article{patel2004cd36,
  title={CD36 mediates the phagocytosis of Plasmodium falciparum--infected erythrocytes by rodent macrophages},
  author={Patel, Samir N and Serghides, Lena and Smith, Todd G and Febbraio, Maria and Silverstein, Roy L and Kurtz, Theodore W and Pravenec, Michal and Kain, Kevin C},
  journal={Journal of Infectious Diseases},
  volume={189},
  number={2},
  pages={204--213},
  year={2004},
  publisher={Oxford University Press}
}
@article{van1999regulation,
  title={Regulation and functional involvement of macrophage scavenger receptor MARCO in clearance of bacteria in vivo},
  author={van der Laan, Luc JW and D{\"o}pp, Ed A and Haworth, Richard and Pikkarainen, Timo and Kangas, Maarit and Elomaa, Outi and Dijkstra, Christine D and Gordon, Siamon and Tryggvason, Karl and Kraal, Georg},
  journal={The Journal of Immunology},
  volume={162},
  number={2},
  pages={939--947},
  year={1999},
  publisher={Am Assoc Immnol}
}
@article{peiser2000macrophage,
  title={Macrophage class A scavenger receptor-mediated phagocytosis of Escherichia coli: role of cell heterogeneity, microbial strain, and culture conditions in vitro},
  author={Peiser, Leanne and Gough, Peter J and Kodama, Tatsuhiko and Gordon, Siamon},
  journal={Infection and immunity},
  volume={68},
  number={4},
  pages={1953--1963},
  year={2000},
  publisher={Am Soc Microbiol}
}
@article{thomas2000protection,
  title={Protection from lethal Gram-positive infection by macrophage scavenger receptor--dependent phagocytosis},
  author={Thomas, Christian A and Li, Yongmei and Kodama, Tatsuhiko and Suzuki, Hiroshi and Silverstein, Samuel C and El Khoury, Joseph},
  journal={The Journal of experimental medicine},
  volume={191},
  number={1},
  pages={147--156},
  year={2000},
  publisher={Rockefeller Univ Press}
}
@article{miyanishi2007identification,
  title={Identification of Tim4 as a phosphatidylserine receptor},
  author={Miyanishi, Masanori and Tada, Kazutoshi and Koike, Masato and Uchiyama, Yasuo and Kitamura, Toshio and Nagata, Shigekazu},
  journal={Nature},
  volume={450},
  number={7168},
  pages={435--439},
  year={2007},
  publisher={Nature Publishing Group}
}
@article{kobayashi2007tim,
  title={TIM-1 and TIM-4 glycoproteins bind phosphatidylserine and mediate uptake of apoptotic cells},
  author={Kobayashi, Norimoto and Karisola, Piia and Pe{\~n}a-Cruz, Victor and Dorfman, David M and Jinushi, Masahisa and Umetsu, Sarah E and Butte, Manish J and Nagumo, Haruo and Chernova, Irene and Zhu, Baogong and others},
  journal={Immunity},
  volume={27},
  number={6},
  pages={927--940},
  year={2007},
  publisher={Elsevier}
}
@article{park2007bai1,
  title={BAI1 is an engulfment receptor for apoptotic cells upstream of the ELMO/Dock180/Rac module},
  author={Park, Daeho and Tosello-Trampont, Annie-Carole and Elliott, Michael R and Lu, Mingjian and Haney, Lisa B and Ma, Zhong and Klibanov, Alexander L and Mandell, James W and Ravichandran, Kodi S},
  journal={Nature},
  volume={450},
  number={7168},
  pages={430--434},
  year={2007},
  publisher={Nature Publishing Group}
}
@article{freeman2014phagocytosis,
  title={Phagocytosis: receptors, signal integration, and the cytoskeleton},
  author={Freeman, Spencer A and Grinstein, Sergio},
  journal={Immunological reviews},
  volume={262},
  number={1},
  pages={193--215},
  year={2014},
  publisher={Wiley Online Library}
}
@article{park2007bai1,
  title={BAI1 is an engulfment receptor for apoptotic cells upstream of the ELMO/Dock180/Rac module},
  author={Park, Daeho and Tosello-Trampont, Annie-Carole and Elliott, Michael R and Lu, Mingjian and Haney, Lisa B and Ma, Zhong and Klibanov, Alexander L and Mandell, James W and Ravichandran, Kodi S},
  journal={Nature},
  volume={450},
  number={7168},
  pages={430--434},
  year={2007},
  publisher={Nature Publishing Group}
}
@article{park2008rapid,
  title={Rapid cell corpse clearance by stabilin-2, a membrane phosphatidylserine receptor},
  author={Park, SY and Jung, MY and Kim, HJ and Lee, SJ and Kim, SY and Lee, BH and Kwon, TH and Park, RW and Kim, IS},
  journal={Cell Death \& Differentiation},
  volume={15},
  number={1},
  pages={192--201},
  year={2008},
  publisher={Nature Publishing Group}
}
@article{choi2011cutting,
  title={Cutting Edge: Mouse CD300f (CMRF-35--Like Molecule-1) Recognizes Outer Membrane-Exposed Phosphatidylserine and Can Promote Phagocytosis},
  author={Choi, Seung-Chul and Simhadri, Venkateswara R and Tian, Linjie and Gil-Krzewska, Aleksandra and Krzewski, Konrad and Borrego, Francisco and Coligan, John E},
  journal={The Journal of Immunology},
  volume={187},
  number={7},
  pages={3483--3487},
  year={2011},
  publisher={Am Assoc Immnol}
}
@article{nagata1996identification,
  title={Identification of the product of growth arrest-specific gene 6 as a common ligand for Axl, Sky, and Mer receptor tyrosine kinases},
  author={Nagata, Kyoko and Ohashi, Kazumasa and Nakano, Toru and Arita, Hitoshi and Zong, Chen and Hanafusa, Hidesaburo and Mizuno, Kensaku},
  journal={Journal of Biological Chemistry},
  volume={271},
  number={47},
  pages={30022--30027},
  year={1996},
  publisher={ASBMB}
}
@article{anderson2003serum,
  title={Serum-derived protein S binds to phosphatidylserine and stimulates the phagocytosis of apoptotic cells},
  author={Anderson, Howard A and Maylock, Caroline A and Williams, Joy A and Paweletz, Cloud P and Shu, Hongjun and Shacter, Emily},
  journal={Nature immunology},
  volume={4},
  number={1},
  pages={87--91},
  year={2003},
  publisher={Nature Publishing Group}
}
@article{gardai2005cell,
  title={Cell-surface calreticulin initiates clearance of viable or apoptotic cells through trans-activation of LRP on the phagocyte},
  author={Gardai, Shyra J and McPhillips, Kathleen A and Frasch, S Courtney and Janssen, William J and Starefeldt, Anna and Murphy-Ullrich, Joanne E and Bratton, Donna L and Oldenborg, Per-Arne and Michalak, Marek and Henson, Peter M},
  journal={Cell},
  volume={123},
  number={2},
  pages={321--334},
  year={2005},
  publisher={Elsevier}
}
@article{humphries2006integrin,
  title={Integrin ligands at a glance},
  author={Humphries, Jonathan D and Byron, Adam and Humphries, Martin J},
  journal={Journal of cell science},
  volume={119},
  number={19},
  pages={3901--3903},
  year={2006},
  publisher={The Company of Biologists Ltd}
}
@article{savill1990vitronectin,
  title={Vitronectin receptor-mediated phagocytosis of cells undergoing apoptosis},
  author={Savill, John and Dransfield, Ian and Hogg, Nancy and Haslett, Christopher},
  journal={Nature},
  volume={343},
  number={6254},
  pages={170},
  year={1990},
  publisher={Nature Publishing Group}
}
@article{hanayama2002identification,
  title={Identification of a factor that links apoptotic cells to phagocytes},
  author={Hanayama, Rikinari and Tanaka, Masato and Miwa, Keiko and Shinohara, Azusa and Iwamatsu, Akihiro and Nagata, Shigekazu},
  journal={Nature},
  volume={417},
  number={6885},
  pages={182--187},
  year={2002},
  publisher={Nature Publishing Group}
}
@article{albert2000alphavbeta5,
  title={$\alpha$v$\beta$5 integrin recruits the CrkII--Dock180--Rac1 complex for phagocytosis of apoptotic cells},
  author={Albert, Matthew L and Kim, Jong-Ii and Birge, Raymond B},
  journal={Nature cell biology},
  volume={2},
  number={12},
  pages={899--905},
  year={2000},
  publisher={Nature Publishing Group}
}
@article{greenberg2006oxidized,
  title={Oxidized phosphatidylserine--CD36 interactions play an essential role in macrophage-dependent phagocytosis of apoptotic cells},
  author={Greenberg, Michael E and Sun, Mingjiang and Zhang, Renliang and Febbraio, Maria and Silverstein, Roy and Hazen, Stanley L},
  journal={Journal of Experimental Medicine},
  volume={203},
  number={12},
  pages={2613--2625},
  year={2006},
  publisher={Rockefeller University Press}
}
@article{erban2007reactive,
  title={Reactive boundary conditions for stochastic simulations of reaction--diffusion processes},
  author={Erban, Radek and Chapman, S Jonathan},
  journal={Physical Biology},
  volume={4},
  number={1},
  pages={16},
  year={2007},
  publisher={IOP Publishing}
}
@article{jansons2005multidimensional,
  title={Multidimensional exponential timestepping with boundary test},
  author={Jansons, Kalvis M and Lythe, Grant D},
  journal={SIAM Journal on Scientific Computing},
  volume={27},
  number={3},
  pages={793--808},
  year={2005},
  publisher={SIAM}
}
@article{jansons2000efficient,
  title={Efficient numerical solution of stochastic differential equations using exponential timestepping},
  author={Jansons, Kalvis M and Lythe, GD},
  journal={Journal of Statistical Physics},
  volume={100},
  number={5-6},
  pages={1097--1109},
  year={2000},
  publisher={Springer}
}
@article{ozanic2015divergent,
  title={The divergent intracellular lifestyle of Francisella tularensis in evolutionarily distinct host cells},
  author={Ozanic, Mateja and Marecic, Valentina and Kwaik, Yousef Abu and Santic, Marina},
  journal={PLoS Pathog},
  volume={11},
  number={12},
  pages={e1005208},
  year={2015},
  publisher={Public Library of Science}
}
@article{santos2016crossroads,
  title={At the crossroads: communication of bacteria-containing vacuoles with host organelles},
  author={Santos, Jos{\'e} Carlos and Enninga, Jost},
  journal={Cellular microbiology},
  volume={18},
  number={3},
  pages={330--339},
  year={2016},
  publisher={Wiley Online Library}
}
@article{condamin2007random,
  title={Random walks and Brownian motion: A method of computation for first-passage times and related quantities in confined geometries},
  author={Condamin, Sylvain and B{\'e}nichou, Olivier and Moreau, Michel},
  journal={Physical Review E},
  volume={75},
  number={2},
  pages={021111},
  year={2007},
  publisher={APS}
}
@article{makhnovskii2005homogenization,
  title={Homogenization of boundary conditions on surfaces randomly covered by patches of different sizes and shapes},
  author={Makhnovskii, Yurii A and Berezhkovskii, Alexander M and Zitserman, Vladimir Yu},
  journal={The Journal of chemical physics},
  volume={122},
  number={23},
  pages={236102},
  year={2005},
  publisher={AIP}
}
@book{barton1989elements,
  title={Elements of {G}reen's functions and propagation: potentials, diffusion, and waves},
  author={Barton, Gabriel},
  year={1989},
  publisher={Oxford University Press}
}
@article{delgado2015conditional,
  title={Conditional mean first passage times to small traps in a 3-{D} domain with a sticky boundary: Applications to {T}-cell searching behavior in lymph nodes},
  author={Delgado, Monica I and Ward, Michael J and Coombs, Daniel},
  journal={Multiscale Modeling \& Simulation},
  volume={13},
  number={4},
  pages={1224--1258},
  year={2015},
  publisher={SIAM}
}
@article{taflia2007dwell,
  title={Dwell time of a Brownian molecule in a microdomain with traps and a small hole on the boundary},
  author={Taflia, Adi and Holcman, David},
  journal={The Journal of chemical physics},
  volume={126},
  number={23},
  pages={234107},
  year={2007},
  publisher={AIP}
}
@article{ahmed2015grb2,
  title={Grb2 monomer-dimer equilibrium determines normal versus oncogenic function},
  author={Ahmed, Zamal and Timsah, Zahra and Suen, Kin M and Cook, Nathan P and Lee IV, Gilbert R and Lin, Chi-Chuan and Gagea, Mihai and Marti, Angel A and Ladbury, John E},
  journal={Nature communications},
  volume={6},
  year={2015},
  publisher={Nature Publishing Group}
}
@book{redner2001guide,
  title={A guide to first-passage processes},
  author={Redner, Sidney},
  year={2001},
  publisher={Cambridge University Press}
}
@article{celli2012many,
  title={How many dendritic cells are required to initiate a T-cell response?},
  author={Celli, Susanna and Day, Mark and M{\"u}ller, Andreas J and Molina-Paris, Carmen and Lythe, Grant and Bousso, Philippe},
  journal={Blood},
  volume={120},
  number={19},
  pages={3945--3948},
  year={2012},
  publisher={Am Soc Hematology}
}
@article{heyda1959green,
  title={A {G}reen's function solution for the case of laminar incompressible flow between non-concentric circular cylinders},
  author={Heyda, James F},
  journal={Journal of the Franklin Institute},
  volume={267},
  number={1},
  pages={25--34},
  year={1959},
  publisher={Elsevier}
}
@article{masicampo2012peculiar,
  title={A peculiar prevalence of p values just below. 05},
  author={Masicampo, EJ and Lalande, Daniel R},
  journal={The Quarterly Journal of Experimental Psychology},
  volume={65},
  number={11},
  pages={2271--2279},
  year={2012},
  publisher={Taylor \& Francis}
}
@article{habib2001diffusion,
  title={Diffusion-limited reaction in one dimension: Paired and unpaired nucleation},
  author={Habib, Salman and Lindenberg, Katja and Lythe, Grant and Molina-Par{\i}s, Carmen},
  journal={The Journal of chemical physics},
  volume={115},
  number={1},
  pages={73--89},
  year={2001},
  publisher={AIP}
}
@article{speil2011activated,
  title={Activated {STAT1} transcription factors conduct distinct saltatory movements in the cell nucleus},
  author={Speil, Jasmin and Baumgart, Eugen and Siebrasse, Jan-Peter and Veith, Roman and Vinkemeier, Uwe and Kubitscheck, Ulrich},
  journal={Biophysical journal},
  volume={101},
  number={11},
  pages={2592--2600},
  year={2011},
  publisher={Elsevier}
}
%%%%%%%%%%%%%%%%%%%%%%%%%%%%%%%%%%%%%%%%%%%%%%%%%%%%%%%%%%%%%%%
% Gillard Chapter
%%%%%%%%%%%%%%%%%%%%%%%%%%%%%%%%%%%%%%%%%%%%%%%%%%%%%%%%%%%%%%%
@article{berg1977physics,
  title={Physics of chemoreception},
  author={Berg, Howard C and Purcell, Edward M},
  journal={Biophysical journal},
  volume={20},
  number={2},
  pages={193--219},
  year={1977},
  publisher={Elsevier}
}
@article{berezhkovskii2004boundary,
  title={Boundary homogenization for trapping by patchy surfaces},
  author={Berezhkovskii, Alexander M and Makhnovskii, Yurii A and Monine, Michael I and Zitserman, Vladimir Yu and Shvartsman, Stanislav Y},
  journal={The Journal of chemical physics},
  volume={121},
  number={22},
  pages={11390--11394},
  year={2004},
  publisher={AIP}
}
@article{makhnovskii2005homogenization,
  title={Homogenization of boundary conditions on surfaces randomly covered by patches of different sizes and shapes},
  author={Makhnovskii, Yurii A and Berezhkovskii, Alexander M and Zitserman, Vladimir Yu},
  journal={The Journal of chemical physics},
  volume={122},
  number={23},
  pages={236102},
  year={2005},
  publisher={AIP}
}
@article{zwanzig1990diffusion,
  title={Diffusion-controlled ligand binding to spheres partially covered by receptors: an effective medium treatment.},
  author={Zwanzig, Robert},
  journal={Proceedings of the National Academy of Sciences},
  volume={87},
  number={15},
  pages={5856--5857},
  year={1990},
  publisher={National Acad Sciences}
}
@book{berg1993random,
  title={Random walks in biology},
  author={Berg, Howard C},
  year={1993},
  publisher={Princeton University Press}
}
@article{ellis1939growth,
  title={The growth of bacteriophage},
  author={Ellis, Emory L and Delbr{\"u}ck, Max},
  journal={The Journal of general physiology},
  volume={22},
  number={3},
  pages={365--384},
  year={1939},
  publisher={Rockefeller University Press}
}
@article{shoup1982role,
  title={Role of diffusion in ligand binding to macromolecules and cell-bound receptors.},
  author={Shoup, David and Szabo, Attila},
  journal={Biophysical Journal},
  volume={40},
  number={1},
  pages={33},
  year={1982},
  publisher={The Biophysical Society}
}
@book{lauffenburger1993receptors,
  title={Receptors: models for binding, trafficking, and signaling},
  author={Lauffenburger, Douglas A and Linderman, Jennifer},
  year={1993},
  publisher={Oxford University Press}
}
@article{holcman2015stochastic,
  title={Stochastic narrow escape in molecular and cellular biology},
  author={Holcman, David and Schuss, Zeev},
  journal={Analysis and Applications. Springer, New York},
  year={2015},
  publisher={Springer}
}
@article{singer2006narrow,
  title={Narrow escape, part I},
  author={Singer, Amit and Schuss, Zeev and Holcman, David and Eisenberg, Robert S},
  journal={Journal of Statistical Physics},
  volume={122},
  number={3},
  pages={437--463},
  year={2006},
  publisher={Springer}
}
@article{schuss2007narrow,
  title={The narrow escape problem for diffusion in cellular microdomains},
  author={Schuss, Zeev and Singer, Amit and Holcman, David},
  journal={Proceedings of the National Academy of Sciences},
  volume={104},
  number={41},
  pages={16098--16103},
  year={2007},
  publisher={National Acad Sciences}
}
@article{shabram2000multiplicity,
  title={Multiplicity of infection/multiplicity of confusion},
  author={Shabram, Paul and Aguilar-Cordova, Estuardo},
  journal={Molecular therapy},
  volume={2},
  number={5},
  pages={420--421},
  year={2000},
  publisher={Elsevier}
}
@article{dalton2014coxiella,
  title={Coxiella burnetii-pathogenic agent of {Q} (query) fever},
  author={Dalton, Harry R and Dreier, Jens and Rink, Gabi and Hecker, Andrea and Janetzko, Karin and Juhl, David and Bieback, Karen and Steppat, Dagmar and G{\"o}rg, Siegfried and Hennig, Holger and others},
  journal={Transfusion medicine and hemotherapy},
  volume={41},
  number={1},
  pages={60--72},
  year={2014},
  publisher={Karger Publishers}
}%%%%%%%%%%%%%%%%%%%%%%%%%%%%%%%%%%%%%%%%%%%%%%%%%%%%%%%%%%%%%%%%%%%%%%%
% Paper citations
%%%%%%%%%%%%%%%%%%%%%%%%%%%%%%%%%%%%%%%%%%%%%%%%%%%%%%%%%%%%%%%%%%%%%%%
@book{courant1965methods,  title={Methods of mathematical physics [Methoden der mathematischen Physik, engl.] 1},  author={Courant, Richard and Hilbert, David},  year={1965},  publisher={CUP Archive}}
@article{heyda1959green,  title={A {G}reen's function solution for the case of laminar incompressible flow between non-concentric circular cylinders},  author={Heyda, James F},  journal={Journal of the Franklin Institute},  volume={267},  number={1},  pages={25--34},  year={1959},  publisher={Elsevier}}
@book{redner2001guide,  title={A guide to first-passage processes},  author={Redner, Sidney},  year={2001},  publisher={Cambridge University Press}}
@article{condamin2005first,  title={First-passage times for random walks in bounded domains},  author={Condamin, S and B{\'e}nichou, O and Moreau, M},  journal={Physical {R}eview {L}etters},  volume={95},  number={26},  pages={260601},  year={2005},  publisher={APS}}
@article{condamin2007random,  title={Random walks and {Brownian} motion: A method of computation for first-passage times and related quantities in confined geometries},  author={Condamin, Sylvain and B{\'e}nichou, Olivier and Moreau, Michel},  journal={Physical Review E},  volume={75},  number={2},  pages={021111},  year={2007},  publisher={APS}}
@article{liemert2014green,  title={The {G}reen's function of the {P}oisson equation on the non-concentric annular region},  author={Liemert, Andr{\'e}},  journal={Journal of Electrostatics},  volume={72},  number={4},  pages={347--351},  year={2014},  publisher={Elsevier}}
@book{morse2010methods,  title={Methods of theoretical physics, Vol. {II}},  author={Morse, Philip M and Feshbach, Herman},  year={2010}}
@book{nikolaevich1979worked,  title={Worked problems in applied mathematics},  author={Nikolaevich, Nikola-I and others},  year={1979},  publisher={Courier Corporation}}
@article{chen2011bipolar,  title={Bipolar coordinates, image method and the method of fundamental solutions for {G}reen’s functions of {L}aplace problems containing circular boundaries},  author={Chen, JT and Shieh, HC and Lee, YT and Lee, JW},  journal={Engineering Analysis with Boundary Elements},  volume={35},  number={2},  pages={236--243},  year={2011},  publisher={Elsevier}}
@article{imada2000jak,  title={The {JAK-STAT} pathway},  author={Imada, Kazuroni and Leonard, Warren J},  journal={Molecular Immunology},  volume={37},  number={1-2},  pages={1--11},  year={2000},  publisher={Elsevier}}
@book{barton1989elements,  title={Elements of {Green}'s functions and propagation: potentials, diffusion, and waves},  author={Barton, Gabriel},  year={1989},  publisher={Oxford University Press}}
@article{stirzaker2005stochastic,  title={Stochastic processes and models},  author={Stirzaker, David and others},  journal={OUP Catalogue},  year={2005},  publisher={Oxford University Press}}
@article{snyder1965analysis,  title={An analysis of fully developed laminar flow in an eccentric annulus},  author={Snyder, William T and Goldstein, Gerald A},  journal={AIChE Journal},  volume={11},  number={3},  pages={462--467},  year={1965},  publisher={Wiley Online Library}}
@article{el1961heat,  title={Heat conduction in an eccentrically hollow, infinitely long cylinder with internal heat generation},  author={El-Saden, MR},  journal={Journal of Heat Transfer},  volume={83},  number={4},  pages={510--512},  year={1961},  publisher={American Society of Mechanical Engineers}}
@book{knight,author={Frank Knight}, title={Essentials of {Brownian} Motion and diffusion}, publisher={AMS}, place={Providence}, year=1981}
@book{miller,author={Kenneth S. Miller}, title={Multidimensional {G}aussian Distributions},publisher={Wiley}, place={New York}, year=1964}
@book{ripley,author={Brian D.  Ripley}, title={Stochastic simulation},publisher={Wiley}, place={New York}, year=1987}
@book{asmussen2007stochastic,  title={{Stochastic simulation: Algorithms and analysis}},  author={Asmussen, S. and Glynn, P.W.},  year={2007},  publisher={Springer Verlag}}
@article{deaconu2000sojourn,  title={Sojourn time of some reflected {Brownian} motion in the unit disk},  author={Deaconu, Madalina and Gradinaru, Mihai and Roche, Jean Rodolphe},  journal={Probability and Mathematical Statistics},  volume={20},  pages={19--38},  year={2000}}
@article{chen2009conformal,  title={Conformal mapping and bipolar coordinate for eccentric {Laplace} problems},  author={Chen, Jeng-Tzong and Tsai, Ming-Hong and Liu, Chein-Shan},  journal={Computer Applications in Engineering Education},  volume={17},  number={3},  pages={314--322},  year={2009},  publisher={Wiley Online Library}}
@article{amitai2017polymer,  title={Polymer physics of nuclear organization and function},  author={Amitai, Assaf and Holcman, David},  journal={Physics Reports},  volume={678},  pages={1--83},  year={2017},  publisher={Elsevier}}
@book{jackson1999classical,  title={Classical electrodynamics},  author={Jackson, John David},  year={1999},  publisher={Wiley}}
@article{coombs2009diffusion,  title={Diffusion on a sphere with localized traps: mean first passage time, eigenvalue asymptotics, and {Fekete} points},  author={Coombs, D. and Straube, R. and Ward, MJ},  journal={SIAM Journal of Applied Math},  volume={70},  number={1},  pages={302--332},  year={2009}}
@article{celli2012how,  title={How many dendritic cells are required to initiate a {T}-cell response?},  author={Celli, Susanna and Day, Mark and M{\"u}ller, Andreas J and Molina-Paris, Carmen and Lythe, Grant and Bousso, Philippe},  journal={Blood},  volume={120},  number={19},  pages={3945--3948},  year={2012},  publisher={American Society of Hematology}}
@article{zinselmeyer2005situ,  title={In situ characterization of {CD}4$^+$ {T} cell behavior in mucosal and systemic lymphoid tissues during the induction of oral priming and tolerance},  author={Zinselmeyer, Bernd H and Dempster, John and Gurney, Alison M and Wokosin, David and Miller, Mark and Ho, Hsiang and Millington, Owain R and Smith, Karen M and Rush, Catherine M and Parker, Ian and others},  journal={Journal of Experimental Medicine},  volume={201},  number={11},  pages={1815--1823},  year={2005},  publisher={Rockefeller Univ Press}}
@article{catron2004vfh,  title={Visualizing the First 50 Hr of the Primary Immune Response to a Soluble Antigen},  author={Catron, D.M. and Itano, A.A. and Pape, K.A. and Mueller, D.L. and Jenkins, M.K.},  journal={Immunity},  volume={21},  number={3},  pages={341--347},  year={2004},  publisher={Elsevier}}
@article{garside1998vsb,  title={{Visualization of Specific {B} and {T} Lymphocyte Interactions in the Lymph Node}},  author={Garside, P. and Ingulli, E. and Merica, R.R. and Johnson, J.G. and Noelle, R.J. and Jenkins, M.K.},  journal={Science},  volume={281},  number={5373},  pages={96},  year={1998},  publisher={AAAS}}
@article{textor2014random,  title={Random migration and signal integration promote rapid and robust {T} cell recruitment},  author={Textor, Johannes and Henrickson, Sarah E and Mandl, Judith N and von Andrian, Ulrich H and Westermann, J{\"u}rgen and de Boer, Rob J and Beltman, Joost B},  journal={PLoS Computational Biology},  volume={10},  number={8},  pages={e1003752},  year={2014},  publisher={Public Library of Science}}
@article{coombs2002activated,  title={Activated {TCR}s remain marked for internalization after dissociation from p{MHC}},  author={Coombs, D. and Kalergis, A.M. and Nathenson, S.G. and Wofsy, C. and Goldstein, B.},  journal={Nature Immunology},  volume={3},  number={10},  pages={926--931},  year={2002},  publisher={Nature Publishing Group}}
@article{barkai2012single,  title={Strange kinetics of single molecules in living cells},  author={Barkai, Eli and Garini, Yuval and Metzler, Ralf},  journal={Physics Today},  volume={65},  number={8},  pages={29},  year={2012}}
@article{bressloff2013stochastic,
  title={Stochastic models of intracellular transport},
  author={Bressloff, Paul C and Newby, Jay M},
  journal={Reviews of Modern Physics},
  volume={85},
  number={1},
  pages={135},
  year={2013},  publisher={APS}}
  @article{benichou2010geometry,  title={Geometry-controlled kinetics},  author={B{\'e}nichou, O and Chevalier, C and Klafter, J and Meyer, B and Voituriez, R},  journal={Nature Chemistry},  volume={2},  number={6},  pages={472},  year={2010},  publisher={Nature Publishing Group}}
  @article{wosniack2015efficient,  title={Efficient search of multiple types of targets},  author={Wosniack, ME and Raposo, EP and Viswanathan, GM and da Luz, MGE},  journal={Physical Review E},  volume={92},  number={6},  pages={062135},  year={2015},  publisher={APS}}
  @article{angermann2012computational,  title={Computational modeling of cellular signaling processes embedded into dynamic spatial contexts},  author={Angermann, Bastian R and Klauschen, Frederick and Garcia, Alex D and Prustel, Thorsten and Zhang, Fengkai and Germain, Ronald N and Meier-Schellersheim, Martin},  journal={Nature Methods},  volume={9},  number={3},  pages={283},  year={2012},  publisher={Nature Publishing Group}}
  @article{prustel2012exact,  title={Exact {Green}'s function of the reversible diffusion-influenced reaction for an isolated pair in two dimensions},  author={Pr{\"u}stel, Thorsten and Meier-Schellersheim, Martin},  journal={Journal of Chemical Physics},  volume={137},  number={5},  pages={054104},  year={2012},  publisher={AIP}}
  @article{prustel2013reversible,  title={Reversible diffusion-influenced reactions of an isolated pair on some two dimensional surfaces},  author={Pr{\"u}stel, Thorsten and Tachiya, M},  journal={Journal of Chemical Physics},  volume={139},  number={19},  pages={194103},  year={2013},  publisher={AIP}}
  @article{prustel2013theory,  title={Theory of reversible diffusion-influenced reactions with non-Markovian dissociation in two space dimensions},  author={Pr{\"u}stel, Thorsten and Meier-Schellersheim, Martin},  journal={Journal of Chemical Physics},  volume={138},  number={10},  pages={104112},  year={2013},  publisher={AIP}}
  @article{ward1993strong,  title={Strong localized perturbations of eigenvalue problems},  author={Ward, Micheal J and Keller, Joseph B},  journal={SIAM Journal on Applied Mathematics},  volume={53},  number={3},  pages={770--798},  year={1993},  publisher={SIAM}}
  @article{noh2004random,  title={Random walks on complex networks},  author={Noh, Jae Dong and Rieger, Heiko},  journal={Physical Review Letters},  volume={92},  number={11},  pages={118701},  year={2004},  publisher={APS}}
  @article{aldous1989lower,  title={Lower bounds for covering times for reversible {Markov} chains and random walks on graphs},  author={Aldous, David J},  journal={Journal of Theoretical Probability},  volume={2},  number={1},  pages={91--100},  year={1989},  publisher={Springer}}
  @article{montroll1965random,  title={Random walks on lattices. {II}},  author={Montroll, Elliott W and Weiss, George H},  journal={Journal of Mathematical Physics},  volume={6},  number={2},  pages={167--181},  year={1965},  publisher={AIP}}
  @misc{aldous-fill-2014,    AUTHOR = {Aldous, David and Fill, James Allen},     TITLE = {Reversible {Markov} Chains and Random Walks on Graphs},      YEAR = {2002},      NOTE = {Unfinished monograph, recompiled 2014, available       at \url{http://www.stat.berkeley.edu/$\sim$aldous/RWG/book.html}}      }
@book{katja2019chemical,  title={Chemical Kinetics: Beyond the Textbook},
  
  author={Katja, Lindenberg and Ralf, Metzler and Gleb, Oshanin},
  
  year={2019},
  
  publisher={World Scientific}
  
}
@article{schavemaker2017ribosome,  title={Ribosome surface properties may impose limits on the nature of the cytoplasmic proteome},  author={Schavemaker, Paul E and {\'S}migiel, Wojciech M and Poolman, Bert},  journal={eLife},  volume={6},  pages={e30084},  year={2017},  publisher={eLife Sciences Publications Limited}}
@article{brangwynne2009intracellular,  title={Intracellular transport by active diffusion},  author={Brangwynne, Clifford P and Koenderink, Gijsje H and MacKintosh, Frederick C and Weitz, David A},  journal={Trends in Cell Biology},  volume={19},  number={9},  pages={423--427},  year={2009},  publisher={Elsevier}}
@article{metzler2019brownian,  title={Brownian motion and beyond: first-passage, power spectrum, non-Gaussianity, and anomalous diffusion},  author={Metzler, Ralf},  journal={Journal of Statistical Mechanics: Theory and Experiment},  volume={2019},  number={11},  pages={114003},  year={2019},  publisher={IOP Publishing}}
@article{delgado2015conditional,  title={Conditional mean first passage times to small traps in a {3-D} domain with a sticky boundary: applications to {T} cell searching behavior in lymph nodes},  author={Delgado, Monica I and Ward, Michael J and Coombs, Daniel},  journal={Multiscale Modeling \& Simulation},  volume={13},  number={4},  pages={1224--1258},  year={2015},  publisher={SIAM}}
@article{burrage2017numerical,  title={Numerical solution of time fractional diffusion systems},  author={Burrage, Kevin and Cardone, Angelamaria and D'Ambrosio, Raffaele and Paternoster, Beatrice},  journal={Applied Numerical Mathematics},  volume={116},  pages={82--94},  year={2017},  publisher={Elsevier}}
@article{schuss2007narrow,  title={The narrow escape problem for diffusion in cellular microdomains},  author={Schuss, Zeev and Singer, Amit and Holcman, David},  journal={Proceedings of the National Academy of Sciences},  volume={104},  number={41},  pages={16098--16103},  year={2007},  publisher={National Acad Sciences}}
@article{singer2006narrow,  title={Narrow escape, part {I}},  author={Singer, Amit and Schuss, Zeev and Holcman, David and Eisenberg, Robert S},  journal={Journal of Statistical Physics},  volume={122},  number={3},  pages={437--463},  year={2006},  publisher={Springer}}
@article{singer2006narrow2,  title={Narrow escape, Part {II}: The circular disk},  author={Singer, Amit and Schuss, Zeev and Holcman, David},  journal={Journal of Statistical Physics},  volume={122},  number={3},  pages={465--489},  year={2006},  publisher={Springer}}
@article{andrews2006alternative,  title={Alternative separation of {L}aplace's equation in toroidal coordinates and its application to electrostatics},  author={Andrews, Mark},  journal={Journal of Electrostatics},  volume={64},  number={10},  pages={664--672},  year={2006},  publisher={Elsevier}}
@article{adamson2011thickness,  title={Thickness profile generation for the corpus callosum using Laplace's equation},  author={Adamson, Christopher L and Wood, Amanda G and Chen, Jian and Barton, Sarah and Reutens, David C and Pantelis, Christos and Velakoulis, Dennis and Walterfang, Mark},  journal={Human Brain Mapping},  volume={32},  number={12},  pages={2131--2140},  year={2011},  publisher={Wiley Online Library}}
@article{krummel2016t,  title={T cell migration, search strategies and mechanisms},  author={Krummel, Matthew F and Bartumeus, Frederic and G{\'e}rard, Audrey},  journal={Nature Reviews Immunology},  volume={16},  number={3},  pages={193},  year={2016},  publisher={Nature Publishing Group}}
@article{cobbold2014mean,  title={Mean occupancy time: linking mechanistic movement models, population dynamics and landscape ecology to population persistence},  author={Cobbold, Christina A and Lutscher, Frithjof},  journal={Journal of mathematical biology},  volume={68},  number={3},  pages={549--579},  year={2014},  publisher={Springer}}
@article{mckenzie2009first,  title={First passage time analysis of animal movement and insights into the functional response},  author={McKenzie, Hannah W and Lewis, Mark A and Merrill, Evelyn H},  journal={Bulletin of {M}athematical {B}iology},  volume={71},  number={1},  pages={107--129},  year={2009},  publisher={Springer}}
@article{kurella2015asymptotic,  title={Asymptotic analysis of first passage time problems inspired by ecology},  author={Kurella, Venu and Tzou, Justin C and Coombs, Daniel and Ward, Michael J},  journal={Bulletin of {M}athematical {B}iology},  volume={77},  number={1},  pages={83--125},  year={2015},  publisher={Springer}}
@article{mckenzie2012linear,  title={How linear features alter predator movement and the functional response},  author={McKenzie, Hannah W and Merrill, Evelyn H and Spiteri, Raymond J and Lewis, Mark A},  journal={Interface focus},  volume={2},  number={2},  pages={205--216},  year={2012},  publisher={The Royal Society}}
@article{amoruso2011modeling,  title={Modeling the early steps of cytoplasmic trafficking in viral infection and gene delivery},  author={Amoruso, Carlo and Lagache, Thibault and Holcman, David},  journal={SIAM Journal on Applied Mathematics},  volume={71},  number={6},  pages={2334--2358},  year={2011},  publisher={SIAM}}
@article{bartumeus2005animal,  title={Animal search strategies: a quantitative random-walk analysis},  author={Bartumeus, Frederic and da Luz, M G E and Viswanathan, Gandhimohan M and Catalan, Jordi},  journal={Ecology},  volume={86},  number={11},  pages={3078--3087},  year={2005},  publisher={Wiley Online Library}}
@article{benichou2014first,  title={From first-passage times of random walks in confinement to geometry-controlled kinetics},  author={B{\'e}nichou, Olivier and Voituriez, R},  journal={Physics Reports},  volume={539},  number={4},  pages={225--284},  year={2014},  publisher={Elsevier}}
@book{berg1993random,  title={Random walks in biology},  author={Berg, Howard C},  year={1993},  publisher={Princeton University Press}}
@article{bressloff2008diffusion,  title={Diffusion of protein receptors on a cylindrical dendritic membrane with partially absorbing traps},  author={Bressloff, Paul C and Earnshaw, Berton A and Ward, Michael J},  journal={SIAM Journal on Applied Mathematics},  volume={68},  number={5},  pages={1223--1246},  year={2008},  publisher={SIAM}}
@article{caginalp2012analytical,  title={Analytical and numerical results for an escape problem},  author={Caginalp, Carey and Chen, Xinfu},  journal={Archive for Rational Mechanics and Analysis},  volume={203},  number={1},  pages={329--342},  year={2012},  publisher={Springer}}
@article{chen2011asymptotic,  title={Asymptotic analysis for the narrow escape problem},  author={Chen, Xinfu and Friedman, Avner},  journal={SIAM journal on mathematical analysis},  volume={43},  number={6},  pages={2542--2563},  year={2011},  publisher={SIAM}}
@article{chevalier2010first,  title={First-passage quantities of Brownian motion in a bounded domain with multiple targets: a unified approach},  author={Chevalier, C and B{\'e}nichou, O and Meyer, B and Voituriez, R},  journal={Journal of Physics A: Mathematical and Theoretical},  volume={44},  number={2},  pages={025002},  year={2010},  publisher={IOP Publishing}}
@article{cheviakov2009optimizing,  title={Optimizing the Fundamental Eigenvalue of the {L}aplacian in a Sphere with Interior Traps, submitted},  author={Cheviakov, A and Ward, MJ},  journal={European J. Appl. Math},  year={2009}}
@article{dijkstra2008numerical,  title={Numerical approximation of the logarithmic capacity},  author={Dijkstra, W and Hochstenbach, ME},  journal={CASA report},  pages={08--09},  year={2008}}
@article{dushek2008analysis,  title={Analysis of serial engagement and peptide-MHC transport in T cell receptor microclusters},  author={Dushek, Omer and Coombs, Daniel},  journal={Biophysical journal},  volume={94},  number={9},  pages={3447--3460},  year={2008},  publisher={Elsevier}}
@article{frair2005scales,  title={Scales of movement by elk (Cervus elaphus) in response to heterogeneity in forage resources and predation risk},  author={Frair, Jacqueline L and Merrill, Evelyn H and Visscher, Darcy R and Fortin, Daniel and Beyer, Hawthorne L and Morales, Juan M},  journal={Landscape ecology},  volume={20},  number={3},  pages={273--287},  year={2005},  publisher={Springer}}
@misc{gardinerstochastic,  title={Stochastic methods: a handbook for the natural and social sciences 4th ed.(2009)},  author={Gardiner, C},  publisher={Springer}}
@article{gurarie2011characteristic,  title={Characteristic spatial and temporal scales unify models of animal movement},  author={Gurarie, Eliezer and Ovaskainen, Otso},  journal={The American Naturalist},  volume={178},  number={1},  pages={113--123},  year={2011},  publisher={University of Chicago Press Chicago, IL}}
@article{gurarie2013towards,  title={Towards a general formalization of encounter rates in ecology},  author={Gurarie, Eliezer and Ovaskainen, Otso},  journal={Theoretical Ecology},  volume={6},  number={2},  pages={189--202},  year={2013},  publisher={Springer}}
@article{holcman2014narrow,  title={The narrow escape problem},  author={Holcman, David and Schuss, Zeev},  journal={SIAM Review},  volume={56},  number={2},  pages={213--257},  year={2014},  publisher={SIAM}}
@inproceedings{holgate1971random,  title={Random walk models for animal behavior},  author={Holgate, P},  booktitle={International Symposium on Stat Ecol New Haven 1969},  year={1971}}
@article{isaacson2013uniform,  title={Uniform asymptotic approximation of diffusion to a small target},  author={Isaacson, Samuel A and Newby, Jay},  journal={Physical Review E},  volume={88},  number={1},  pages={012820},  year={2013},  publisher={APS}}
@article{james1999effects,  title={Effects of industrial development on the predator-prey relationship between wolves and caribou in northeastern Alberta},  author={James, Adam Ross Cochrane},  year={1999}}
@article{james2000distribution,  title={Distribution of caribou and wolves in relation to linear corridors},  author={James, Adam RC and Stuart-Smith, A Kari},  journal={The Journal of Wildlife Management},  pages={154--159},  year={2000},  publisher={JSTOR}}
@article{james2008optimizing,  title={Optimizing the encounter rate in biological interactions: ballistic versus L{\'e}vy versus Brownian strategies},  author={James, A and Plank, MJ and Brown, R},  journal={Physical Review E},  volume={78},  number={5},  pages={051128},  year={2008},  publisher={APS}}
@article{james2010efficient,  title={Efficient or inaccurate? Analytical and numerical modelling of random search strategies},  author={James, Alex and Pitchford, Jonathan W and Plank, Michael J},  journal={Bulletin of {M}athematical {B}iology},  volume={72},  number={4},  pages={896--913},  year={2010},  publisher={Springer}}
@article{kareiva1990population,  title={Population dynamics in spatially complex environments: theory and data},  author={Kareiva, Peter},  journal={Philosophical Transactions of the Royal Society of London. Series B: Biological Sciences},  volume={330},  number={1257},  pages={175--190},  year={1990},  publisher={The Royal Society London}}
@book{kevorkian2012multiple,  title={Multiple scale and singular perturbation methods},  author={Kevorkian, Jirair K and Cole, Julian D},  volume={114},  year={2012},  publisher={Springer Science \& Business Media}}
@article{kolokolnikov2005optimizing,  title={Optimizing the fundamental Neumann eigenvalue for the Laplacian in a domain with small traps},  author={Kolokolnikov, Theodore and Titcombe, Michele S and Ward, Michael J},  journal={European Journal of Applied Mathematics},  volume={16},  number={2},  pages={161--200},  year={2005},  publisher={Cambridge University Press}}
@article{lagache2008effective,  title={Effective motion of a virus trafficking inside a biological cell},  author={Lagache, Thibault and Holcman, David},  journal={SIAM Journal on Applied Mathematics},  volume={68},  number={4},  pages={1146--1167},  year={2008},  publisher={SIAM}}
@article{lagache2008quantifying,  title={Quantifying intermittent transport in cell cytoplasm},  author={Lagache, Thibault and Holcman, David},  journal={Physical Review E},  volume={77},  number={3},  pages={030901},  year={2008},  publisher={APS}}
@article{lagache2009quantitative,  title={Quantitative analysis of virus and plasmid trafficking in cells},  author={Lagache, Thibault and Dauty, Emmanuel and Holcman, David},  journal={Physical Review E},  volume={79},  number={1},  pages={011921},  year={2009},  publisher={APS}}
@article{lima1996towards,  title={Towards a behavioral ecology of ecological landscapes},  author={Lima, Steven L and Zollner, Patrick A},  journal={Trends in Ecology \& Evolution},  volume={11},  number={3},  pages={131--135},  year={1996},  publisher={Elsevier}}
@book{moorcroft2006mechanistic,  title={Mechanistic home range analysis},  author={Moorcroft, Paul R and Moorcroft, Paul and Lewis, Mark A},  year={2006},  publisher={Princeton University Press}}
@book{okubo2013diffusion,  title={Diffusion and ecological problems: modern perspectives},  author={Okubo, Akira and Levin, Smon A},  volume={14},  year={2013},  publisher={Springer Science \& Business Media}}
@article{pillay2010asymptotic,  title={An asymptotic analysis of the mean first passage time for narrow escape problems: Part {I}: Two-dimensional domains},  author={Pillay, S and Ward, Michael J and Peirce, A and Kolokolnikov, Theodore},  journal={Multiscale Modeling \& Simulation},  volume={8},  number={3},  pages={803--835},  year={2010},  publisher={SIAM}}
@book{ransford1995potential,  title={Potential theory in the complex plane},  author={Ransford, Thomas},  volume={28},  year={1995},  publisher={Cambridge university press}}
@article{singer2007activation,  title={Activation through a narrow opening},  author={Singer, Amit and Schuss, Zeev},  journal={SIAM Journal on Applied Mathematics},  volume={68},  number={1},  pages={98--108},  year={2007},  publisher={SIAM}}
@book{schuss2009theory,  title={Theory and applications of stochastic processes: an analytical approach},  author={Schuss, Zeev},  volume={170},  year={2009},  publisher={Springer Science \& Business Media}}
@article{schuss2012narrow,  title={The narrow escape problem—a short review of recent results},  author={Schuss, Zeev},  journal={Journal of Scientific Computing},  volume={53},  number={1},  pages={194--210},  year={2012},  publisher={Springer}}
@article{skellam1951random,  title={Random dispersal in theoretical populations},  author={Skellam, John Gordon},  journal={Biometrika},  volume={38},  number={1/2},  pages={196--218},  year={1951},  publisher={JSTOR}}
@article{straube2007reaction,  title={Reaction rate of small diffusing molecules on a cylindrical membrane},  author={Straube, Ronny and Ward, Michael J and Falcke, Martin},  journal={Journal of Statistical Physics},  volume={129},  number={2},  pages={377--405},  year={2007},  publisher={Springer}}
@article{stroud1971approximate,  title={Approximate calculation of multiple integrals},  author={Stroud, Arthur H},  year={1971},  publisher={Prentice-Hall}}
@article{taflia2007dwell,  title={Dwell time of a Brownian molecule in a microdomain with traps and a small hole on the boundary},  author={Taflia, Adi and Holcman, David},  journal={The Journal of Chemical Physics},  volume={126},  number={23},  pages={234107},  year={2007},  publisher={American Institute of Physics}}
@article{titcombe2000asymptotic,  title={An asymptotic study of oxygen transport from multiple capillaries to skeletal muscle tissue},  author={Titcombe, Mich{\`e}le S and Ward, Michael J},  journal={SIAM Journal on Applied Mathematics},  volume={60},  number={5},  pages={1767--1788},  year={2000},  publisher={SIAM}}
@article{tsaneva2009quantifying,  title={Quantifying neurite growth mediated by interactions among secretory vesicles, microtubules, and actin networks},  author={Tsaneva-Atanasova, Krasimira and Burgo, Andrea and Galli, Thierry and Holcman, David},  journal={Biophysical Journal},  volume={96},  number={3},  pages={840--857},  year={2009},  publisher={Elsevier}}
@article{turchin1991translating,  title={Translating foraging movements in heterogeneous environments into the spatial distribution of foragers},  author={Turchin, Peter},  journal={Ecology},  volume={72},  number={4},  pages={1253--1266},  year={1991},  publisher={Wiley Online Library}}
@article{turchin1998quantitative,  title={Quantitative analysis of movement: measuring and modeling population redistribution in animals and plants. Sin$\neg$ auer Associates},  author={Turchin, P},  journal={Sunderland, MA},  year={1998}}
@article{tzou2015mean,  title={Mean first passage time for a small rotating trap inside a reflective disk},  author={Tzou, Justin C and Kolokolnikov, Theodore},  journal={Multiscale Modeling \& Simulation},  volume={13},  number={1},  pages={231--255},  year={2015},  publisher={SIAM}}
@article{whittington2004path,  title={Path tortuosity and the permeability of roads and trails to wolf movement},  author={Whittington, Jesse and St. Clair, Colleen Cassady and Mercer, George},  journal={Ecology and Society},  volume={9},  number={1},  year={2004},  publisher={JSTOR}}
@article{whittington2005spatial,  title={Spatial responses of wolves to roads and trails in mountain valleys},  author={Whittington, Jesse and St. Clair, Colleen Cassady and Mercer, George},  journal={Ecological Applications},  volume={15},  number={2},  pages={543--553},  year={2005},  publisher={Wiley Online Library}}
@book{holcman2017stochastic,  title={Stochastic processes, multiscale modeling, and numerical methods for computational cellular biology},  author={Holcman, David},  year={2017},  publisher={Springer}}
@article{mullineaux2006diffusion,  title={Diffusion of green fluorescent protein in three cell environments in Escherichia coli},  author={Mullineaux, Conrad W and Nenninger, Anja and Ray, Nicola and Robinson, Colin},  journal={Journal of Bacteriology},  volume={188},  number={10},  pages={3442--3448},  year={2006},  publisher={Am Soc Microbiol}}
@article{mcguffee2010diffusion,  title={Diffusion, crowding and protein stability in a dynamic molecular model of the bacterial cytoplasm},  author={McGuffee, Sean R and Elcock, Adrian H},  journal={PLoS Computational Biology},  volume={6},  number={3},
  
  pages={e1000694},  year={2010},  publisher={Public Library of Science}}
  @PhdThesis{stana2020,  author = 	 {Remus Stana},  title = 	 {},  school = 	 {University of Leeds},  year = 	 {2020},  OPTkey = 	 {},  OPTtype = 	 {},  OPTaddress = 	 {},  OPTmonth = 	 {},  OPTnote = 	 {},  OPTannote = 	 {}}
  @article{hofling2013anomalous,  title={Anomalous transport in the crowded world of biological cells},  author={H{\"o}fling, Felix and Franosch, Thomas},  journal={Reports on Progress in Physics},  volume={76},  number={4},  pages={046602},  year={2013},  publisher={IOP Publishing}}
  @article{ando2010crowding,  title={Crowding and hydrodynamic interactions likely dominate in vivo macromolecular motion},  author={Ando, Tadashi and Skolnick, Jeffrey},  journal={Proceedings of the National Academy of Sciences},  volume={107},  number={43},  pages={18457--18462},  year={2010},  publisher={National Acad Sciences}}
  @article{wang2010effects,  title={Effects of proteins on protein diffusion},  author={Wang, Yaqiang and Li, Conggang and Pielak, Gary J},  journal={Journal of the American Chemical Society},  volume={132},  number={27},  pages={9392--9397},  year={2010},  publisher={ACS Publications}}
  @article{lillemeier2001stat1,  title={{STAT1} from the cell membrane to the {DNA}},  author={Lillemeier, Bj{\"o}rn F and K{\"o}ster, Mario and Kerr, Ian M},  journal={The EMBO Journal},  volume={20},  number={10},  pages={2508--2517},  year={2001},  publisher={John Wiley \& Sons, Ltd}}
  @article{grebenkov2019semi,
  title={Semi-analytical computation of {L}aplacian {G}reen functions in three-dimensional domains with disconnected spherical boundaries},
  author={Grebenkov, Denis S and Traytak, Sergey D},
  journal={Journal of Computational Physics},
  volume={379},
  pages={91--117},
  year={2019},
  publisher={Elsevier}
}
@article{lawley2020probabilistic,
  title={A probabilistic approach to extreme statistics of brownian escape times in dimensions 1, 2, and 3},
  author={Lawley, Sean D and Madrid, Jacob B},
  journal={Journal of Nonlinear Science},
  pages={1--21},
  year={2020},
  publisher={Springer}
}
@article{grigoriev2002kinetics,
  title={Kinetics of escape through a small hole},
  author={Grigoriev, Igor V and Makhnovskii, Yurii A and Berezhkovskii, Alexander M and Zitserman, Vladimir Yu},
  journal={The Journal of chemical physics},
  volume={116},
  number={22},
  pages={9574--9577},
  year={2002},
  publisher={AIP}
}
@article{langer1969statistical,
  title={Statistical theory of the decay of metastable states},
  author={Langer, James S},
  journal={Annals of Physics},
  volume={54},
  number={2},
  pages={258--275},
  year={1969},
  publisher={Elsevier}
}
@article{pinsky2003asymptotics,
  title={Asymptotics of the principal eigenvalue and expected hitting time for positive recurrent elliptic operators in a domain with a small puncture},
  author={Pinsky, Ross G},
  journal={Journal of Functional Analysis},
  volume={200},
  number={1},
  pages={177--197},
  year={2003},
  publisher={Elsevier}
}
@book{rice1985diffusion,
  title={Diffusion-limited reactions},
  author={Rice, Stephen A},
  volume={25},
  year={1985},
  publisher={Elsevier}
}
@article{benichou2005optimal,
  title={Optimal search strategies for hidden targets},
  author={B{\'e}nichou, O and Coppey, M and Moreau, M and Suet, PH and Voituriez, R},
  journal={Physical review letters},
  volume={94},
  number={19},
  pages={198101},
  year={2005},
  publisher={APS}
}
@article{lindsay2016hybrid,
  title={Hybrid asymptotic-numerical approach for estimating first-passage-time densities of the two-dimensional narrow capture problem},
  author={Lindsay, Alan E and Spoonmore, Ryan T and Tzou, Justin C},
  journal={Physical Review E},
  volume={94},
  number={4},
  pages={042418},
  year={2016},
  publisher={APS}
}
@article{bosshart2016thp,
  title={THP-1 cells as a model for human monocytes},
  author={Bosshart, Herbert and Heinzelmann, Michael},
  journal={Annals of translational medicine},
  volume={4},
  number={21},
  year={2016},
  publisher={AME Publications}
}
@article{morse1954methods,
  title={Methods of theoretical physics},
  author={Morse, Philip M and Feshbach, Herman},
  journal={American Journal of Physics},
  volume={22},
  number={6},
  pages={410--413},
  year={1954},
  publisher={American Association of Physics Teachers}
}
@article{chen2013green,
  title={A {G}reen's Function for the Domain Bounded by Nonconcentric Spheres},
  author={Chen, Jeng-Tzong and Lee, Jia-Wei and Shieh, Hung-Chih},
  journal={Journal of Applied Mechanics},
  volume={80},
  number={1},
  pages={014503},
  year={2013},
  publisher={American Society of Mechanical Engineers Digital Collection}
}
@article{stoy1989solution,
  title={Solution procedure for the Laplace equation in bispherical coordinates for two spheres in a uniform external field: Parallel orientation},
  author={Stoy, Richard D},
  journal={Journal of applied physics},
  volume={65},
  number={7},
  pages={2611--2615},
  year={1989},
  publisher={American Institute of Physics}
}
@book{milne2000calculus,
  title={The calculus of finite differences},
  author={Milne-Thomson, Louis Melville},
  year={2000},
  publisher={American Mathematical Soc.}
}
@article{chaumet1998electric,
  title={Electric potential and field between two different spheres},
  author={Chaumet, PC and Dufour, JP},
  journal={Journal of electrostatics},
  volume={43},
  number={2},
  pages={145--159},
  year={1998},
  publisher={Elsevier}
}
@article{kerr2003jaks,
  title={Of {JAK}s, {STAT}s, blind watchmakers, jeeps and trains},
  author={Kerr, Ian M and Costa-Pereira, Ana P and Lillemeier, Bj{\"o}rn F and Strobl, Birgit},
  journal={FEBS letters},
  volume={546},
  number={1},
  pages={1--5},
  year={2003},
  publisher={Wiley Online Library}
}
@article{vinkemeier2004getting,
  title={Getting the message across, {STAT}! Design principles of a molecular signaling circuit},
  author={Vinkemeier, Uwe},
  journal={The Journal of cell biology},
  volume={167},
  number={2},
  pages={197--201},
  year={2004},
  publisher={Rockefeller University Press}
}
@article{mattos2012first,
  title={First passages in bounded domains: When is the mean first passage time meaningful?},
  author={Mattos, Thiago G and Mej{\'\i}a-Monasterio, Carlos and Metzler, Ralf and Oshanin, Gleb},
  journal={Physical Review E},
  volume={86},
  number={3},
  pages={031143},
  year={2012},
  publisher={APS}
}
@article{basnayake2020extreme,
  title={Extreme escape from a cusp: When does geometry matter for the fastest Brownian particles moving in crowded cellular environments?},
  author={Basnayake, K and Holcman, D},
  journal={The Journal of Chemical Physics},
  volume={152},
  number={13},
  pages={134104},
  year={2020},
  publisher={AIP Publishing LLC}
}
@article{grebenkov2020preface,
  title={Preface: new trends in first-passage methods and applications in the life sciences and engineering},
  author={Grebenkov, Denis S and Holcman, David and Metzler, Ralf},
  journal={Journal of Physics A: Mathematical and Theoretical},
  volume={53},
  number={19},
  pages={190301},
  year={2020},
  publisher={IOP Publishing}
}
@article{grebenkov2017effects,
  title={Effects of the target aspect ratio and intrinsic reactivity onto diffusive search in bounded domains},
  author={Grebenkov, Denis S and Metzler, Ralf and Oshanin, Gleb},
  journal={New Journal of Physics},
  volume={19},
  number={10},
  pages={103025},
  year={2017},
  publisher={IOP Publishing}
}
@article{lythe2006diffusion,
  title={Diffusion-limited reaction in one dimension},
  author={Lythe, Grant},
  journal={Physica D: Nonlinear Phenomena},
  volume={222},
  number={1-2},
  pages={159--163},
  year={2006},
  publisher={Elsevier}
}
@article{cheviakov2012mathematical,
  title={Mathematical modeling and numerical computation of narrow escape problems},
  author={Cheviakov, Alexei F and Reimer, Ashton S and Ward, Michael J},
  journal={Physical Review E},
  volume={85},
  number={2},
  pages={021131},
  year={2012},
  publisher={APS}
}
@article{chupeau2015cover,
  title={Cover times of random searches},
  author={Chupeau, Marie and B{\'e}nichou, Olivier and Voituriez, Rapha{\"e}l},
  journal={Nature Physics},
  volume={11},
  number={10},
  pages={844--847},
  year={2015},
  publisher={Nature Publishing Group}
}
@article{godec2016first,
  title={First passage time distribution in heterogeneity controlled kinetics: going beyond the mean first passage time},
  author={Godec, Alja{\v{z}} and Metzler, Ralf},
  journal={Scientific reports},
  volume={6},
  pages={20349},
  year={2016},
  publisher={Nature Publishing Group}
}
@article{lawley2020universal,
  title={Universal formula for extreme first passage statistics of diffusion},
  author={Lawley, Sean D},
  journal={Physical Review E},
  volume={101},
  number={1},
  pages={012413},
  year={2020},
  publisher={APS}
}
@article{holcman2004escape,
  title={Escape through a small opening: receptor trafficking in a synaptic membrane},
  author={Holcman, D and Schuss, Z},
  journal={Journal of Statistical Physics},
  volume={117},
  number={5-6},
  pages={975--1014},
  year={2004},
  publisher={Springer}
}
@article{reingruber2009narrow,
  title={Narrow escape time to a structured target located on the boundary of a microdomain},
  author={Reingruber, J{\"u}rgen and Abad, Enrique and Holcman, David},
  journal={The Journal of chemical physics},
  volume={130},
  number={9},
  pages={094909},
  year={2009},
  publisher={American Institute of Physics}
}
@article{marshall2016analytical,
  title={Analytical solutions for an escape problem in a disc with an arbitrary distribution of exit holes along its boundary},
  author={Marshall, JS},
  journal={Journal of Statistical Physics},
  volume={165},
  number={5},
  pages={920--952},
  year={2016},
  publisher={Springer}
}
@article{godec2016universal,
  title={Universal proximity effect in target search kinetics in the few-encounter limit},
  author={Godec, Alja{\v{z}} and Metzler, Ralf},
  journal={Physical Review X},
  volume={6},
  number={4},
  pages={041037},
  year={2016},
  publisher={APS}
}
@article{grebenkov2019full,
  title={Full distribution of first exit times in the narrow escape problem},
  author={Grebenkov, Denis S and Metzler, Ralf and Oshanin, Gleb},
  journal={New Journal of Physics},
  volume={21},
  number={12},
  pages={122001},
  year={2019},
  publisher={IOP Publishing}
}
@article{schuss2019redundancy,
  title={Redundancy principle and the role of extreme statistics in molecular and cellular biology},
  author={Schuss, Z and Basnayake, K and Holcman, D},
  journal={Physics of life reviews},
  volume={28},
  pages={52--79},
  year={2019},
  publisher={Elsevier}
}
@article{love1975dielectric,
  title={Dielectric sphere-sphere and sphere-plane problems in electrostatics},
  author={Love, John D},
  journal={The Quarterly Journal of Mechanics and Applied Mathematics},
  volume={28},
  number={4},
  pages={449--471},
  year={1975},
  publisher={Oxford University Press}
}
@article{jeffery1912form,
  title={On a form of the solution of {L}aplace's equation suitable for problems relating to two spheres},
  author={Jeffery, George Barker},
  journal={Proceedings of the Royal Society of London. Series A, Containing Papers of a Mathematical and Physical Character},
  volume={87},
  number={593},
  pages={109--120},
  year={1912},
  publisher={The Royal Society London}
}
@book{gradshteyn2014table,
  title={Table of integrals, series, and products},
  author={Gradshteyn, Izrail Solomonovich and Ryzhik, Iosif Moiseevich},
  year={2014},
  publisher={Academic press}
}
@article{madariaga2003q,
  title={Q fever: a biological weapon in your backyard},
  author={Madariaga, Miguel G and Rezai, Katayoun and Trenholme, Gordon M and Weinstein, Robert A},
  journal={The Lancet infectious diseases},
  volume={3},
  number={11},
  pages={709--721},
  year={2003},
  publisher={Elsevier}
}
@article{bou2020sticky,
  title={Sticky Brownian Motion and Its Numerical Solution},
  author={Bou-Rabee, Nawaf and Holmes-Cerfon, Miranda C},
  journal={SIAM Review},
  volume={62},
  number={1},
  pages={164--195},
  year={2020},
  publisher={SIAM}
}
@article{bernoff2018numerical,
  title={Numerical approximation of diffusive capture rates by planar and spherical surfaces with absorbing pores},
  author={Bernoff, Andrew J and Lindsay, Alan E},
  journal={SIAM Journal on Applied Mathematics},
  volume={78},
  number={1},
  pages={266--290},
  year={2018},
  publisher={SIAM}
}
@article{lindsay2017first,
  title={First passage statistics for the capture of a Brownian particle by a structured spherical target with multiple surface traps},
  author={Lindsay, Alan E and Bernoff, Andrew J and Ward, Michael J},
  journal={Multiscale Modeling \& Simulation},
  volume={15},
  number={1},
  pages={74--109},
  year={2017},
  publisher={SIAM}
}
@article{bernoff2018boundary,
  title={Boundary homogenization and capture time distributions of semipermeable membranes with periodic patterns of reactive sites},
  author={Bernoff, Andrew J and Lindsay, Alan E and Schmidt, Daniel D},
  journal={Multiscale Modeling \& Simulation},
  volume={16},
  number={3},
  pages={1411--1447},
  year={2018},
  publisher={SIAM}
}
@article{muratov2008boundary,
  title={Boundary homogenization for periodic arrays of absorbers},
  author={Muratov, Cyrill B and Shvartsman, Stanislav Y},
  journal={Multiscale Modeling \& Simulation},
  volume={7},
  number={1},
  pages={44--61},
  year={2008},
  publisher={SIAM}
}
@article{berezhkovskii2006homogenization,
  title={Homogenization of boundary conditions for surfaces with regular arrays of traps},
  author={Berezhkovskii, Alexander M and Monine, Michael I and Muratov, Cyrill B and Shvartsman, Stanislav Y},
  journal={The Journal of chemical physics},
  volume={124},
  number={3},
  pages={036103},
  year={2006},
  publisher={American Institute of Physics}
}
@article{eun2020effects,
  title={Effects of the Size, the Number, and the Spatial Arrangement of Reactive Patches on a Sphere on Diffusion-Limited Reaction Kinetics: A Comprehensive Study},
  author={Eun, Changsun},
  journal={International Journal of Molecular Sciences},
  volume={21},
  number={3},
  pages={997},
  year={2020},
  publisher={Multidisciplinary Digital Publishing Institute}
}
@article{eun2018theory,
  title={Theory of curvature-dependent kinetics of diffusion-limited reactions and its application to ligand binding to a sphere with multiple receptors},
  author={Eun, Changsun},
  journal={The Journal of chemical physics},
  volume={149},
  number={2},
  pages={024102},
  year={2018},
  publisher={AIP Publishing LLC}
}
@phdthesis{stana2020diffusive,
  title={Diffusive transport: theory and application},
  author={Stana, Remus Laurentiu},
  year={2020},
  school={University of Leeds}
}
@article{martelli2003solution,
  title={Solution of the time-dependent diffusion equation for layered diffusive media by the eigenfunction method},
  author={Martelli, Fabrizio and Sassaroli, Angelo and Del Bianco, Samuele and Yamada, Yukio and Zaccanti, Giovanni},
  journal={Physical Review E},
  volume={67},
  number={5},
  pages={056623},
  year={2003},
  publisher={APS}
}
@book{sneddon1995fourier,
  title={Fourier transforms},
  author={Sneddon, Ian Naismith},
  year={1995},
  publisher={Courier Corporation}
}
@article{kienle2005light,
  title={Light diffusion through a turbid parallelepiped},
  author={Kienle, Alwin},
  journal={JOSA A},
  volume={22},
  number={9},
  pages={1883--1888},
  year={2005},
  publisher={Optical Society of America}
}%%%%%%%%%%%%%%%%%%%%%%%%%%%%%%%%%%%%%%%%%%%%%%%%%%%%%%%%%
%%%%%%%%%%%%%%%%%%%%%%%%%%%%%%%%%%%%%%%%%%%%%%%%%%%%%%%%%
%%%%%%%%%%%%%%%%%%%%%%%%%%%%%%%%%%%%%%%%%%%%%%%%%%%%%%%%%@article{szolnoki2019seasonal,
  title={Seasonal payoff variations and the evolution of cooperation in social dilemmas},
  author={Szolnoki, Attila and Perc, Matja{\v{z}}},
  journal={Scientific reports},
  volume={9},
  number={1},
  pages={1--9},
  year={2019},
  publisher={Nature Publishing Group}
}
@article{szolnoki2018environmental,
  title={Environmental feedback drives cooperation in spatial social dilemmas},
  author={Szolnoki, Attila and Chen, Xiaojie},
  journal={EPL (Europhysics Letters)},
  volume={120},
  number={5},
  pages={58001},
  year={2018},
  publisher={IOP Publishing}
}
@article{ashcroft2014fixation,
  title={Fixation in finite populations evolving in fluctuating environments},
  author={Ashcroft, Peter and Altrock, Philipp M and Galla, Tobias},
  journal={Journal of The Royal Society Interface},
  volume={11},
  number={100},
  pages={20140663},
  year={2014},
  publisher={The Royal Society}
}
@article{cohen2021non,
  title={Non-vertical cultural transmission, assortment and the evolution of cooperation},
  author={Cohen, Dor and Lewin-Epstein, Ohad and Feldman, Marcus W and Ram, Yoav},
  journal={Proceedings of the Royal Society B},
  volume={288},
  number={1951},
  pages={20203162},
  year={2021},
  publisher={The Royal Society}
}
@article{chen2014excessive,
  title={Excessive abundance of common resources deters social responsibility},
  author={Chen, Xiaojie and Perc, Matja{\v{z}}},
  journal={Scientific Reports},
  volume={4},
  number={1},
  pages={1--5},
  year={2014},
  publisher={Nature Publishing Group}
}
@article{requejo2013scarcity,
  title={Scarcity may promote cooperation in populations of simple agents},
  author={Requejo, RJ and Camacho, J},
  journal={Physical Review E},
  volume={87},
  number={2},
  pages={022819},
  year={2013},
  publisher={APS}
}
@article{callaway2002positive,
  title={Positive interactions among alpine plants increase with stress},
  author={Callaway, Ragan M and Brooker, Robert W and Choler, Philippe and Kikvidze, Zaal and Lortie, Christopher J and Michalet, Richard and Paolini, Leonardo and Pugnaire, Francisco I and Newingham, Beth and Aschehoug, Erik T and others},
  journal={Nature},
  volume={417},
  number={6891},
  pages={844--848},
  year={2002},
  publisher={Nature Publishing Group}
}
@article{dudley2015plant,
  title={Plant cooperation},
  author={Dudley, Susan A},
  journal={AoB Plants},
  volume={7},
  year={2015},
  publisher={Oxford Academic}
}
@book{nowak2011supercooperators,
  title={Supercooperators: Altruism, evolution, and why we need each other to succeed},
  author={Nowak, Martin and Highfield, Roger},
  year={2011},
  publisher={Simon and Schuster}
}
@article{wilson1971insect,
  title={The insect societies.},
  author={Wilson, Edward O and others},
  journal={The insect societies.},
  year={1971},
  publisher={Cambridge, Massachusetts, USA, Harvard University Press [Distributed by~…}
}
@book{darwin1964origin,
  title={On the origin of species: A facsimile of the first edition},
  author={Darwin, Charles},
  year={1964},
  publisher={Harvard University Press}
}
@article{pennisi2005did,
  title={How did cooperative behavior evolve?},
  author={Pennisi, Elizabeth},
  journal={Science},
  volume={309},
  number={5731},
  pages={93--93},
  year={2005},
  publisher={American Association for the Advancement of Science}
}
@article{woodcock2006significance,
  title={The significance of non-vertical transmission of phenotype for the evolution of altruism},
  author={Woodcock, Scott},
  journal={Biology and Philosophy},
  volume={21},
  number={2},
  pages={213--234},
  year={2006},
  publisher={Springer}
}
@article{lewin2017microbes,
  title={Microbes can help explain the evolution of host altruism},
  author={Lewin-Epstein, Ohad and Aharonov, Ranit and Hadany, Lilach},
  journal={Nature communications},
  volume={8},
  number={1},
  pages={1--7},
  year={2017},
  publisher={Nature Publishing Group}
}
@article{ram2019vertical,
  title={Vertical and oblique cultural transmission fluctuating in time and in space},
  author={Ram, Yoav and Liberman, Uri and Feldman, Marcus W},
  journal={Theoretical population biology},
  volume={125},
  pages={11--19},
  year={2019},
  publisher={Elsevier}
}
@article{mark2002cultural,
  title={Cultural transmission, disproportionate prior exposure, and the evolution of cooperation},
  author={Mark, Noah P},
  journal={American Sociological Review},
  pages={323--344},
  year={2002},
  publisher={JSTOR}
}
@article{boyd1982cultural,
  title={Cultural transmission and the evolution of cooperative behavior},
  author={Boyd, Robert and Richerson, Peter J},
  journal={Human Ecology},
  volume={10},
  number={3},
  pages={325--351},
  year={1982},
  publisher={Springer}
}
@article{harrison2000repercussions,
  title={Repercussions of El Nino: drought causes extinction and the breakdown of mutualism in Borneo},
  author={Harrison, Rhett D},
  journal={Proceedings of the Royal Society of London. Series B: Biological Sciences},
  volume={267},
  number={1446},
  pages={911--915},
  year={2000},
  publisher={The Royal Society}
}
@article{wang2020eco,
  title={Eco-evolutionary dynamics with environmental feedback: Cooperation in a changing world},
  author={Wang, Xin and Fu, Feng},
  journal={EPL (Europhysics Letters)},
  volume={132},
  number={1},
  pages={10001},
  year={2020},
  publisher={IOP Publishing}
}
@article{weitz2016oscillating,
  title={An oscillating tragedy of the commons in replicator dynamics with game-environment feedback},
  author={Weitz, Joshua S and Eksin, Ceyhun and Paarporn, Keith and Brown, Sam P and Ratcliff, William C},
  journal={Proceedings of the National Academy of Sciences},
  volume={113},
  number={47},
  pages={E7518--E7525},
  year={2016},
  publisher={National Acad Sciences}
}
@article{nowak2006five,
  title={Five rules for the evolution of cooperation},
  author={Nowak, Martin A},
  journal={science},
  volume={314},
  number={5805},
  pages={1560--1563},
  year={2006},
  publisher={American Association for the Advancement of Science}
}
@article{prout1968sufficient,
  title={Sufficient conditions for multiple niche polymorphism},
  author={Prout, Timothy},
  journal={The American Naturalist},
  volume={102},
  number={928},
  pages={493--496},
  year={1968},
  publisher={University of Chicago Press}
}
@article{ram2018evolution,
  title={Evolution of vertical and oblique transmission under fluctuating selection},
  author={Ram, Yoav and Liberman, Uri and Feldman, Marcus W},
  journal={Proceedings of the National Academy of Sciences},
  volume={115},
  number={6},
  pages={E1174--E1183},
  year={2018},
  publisher={National Acad Sciences}
}%%%%%%%%%%%%%%%%%%%%%%%%%%%%%%%%%%%%%%%%%%%
@inproceedings{michor2005can,
  title={Can chromosomal instability initiate tumorigenesis?},
  author={Michor, Franziska and Iwasa, Yoh and Vogelstein, Bert and Lengauer, Christoph and Nowak, Martin A},
  booktitle={Seminars in cancer biology},
  volume={15},
  number={1},
  pages={43--49},
  year={2005},
  organization={Elsevier}
}
@article{christine2018understanding,
  title={Understanding aneuploidy in cancer through the lens of system inheritance, fuzzy inheritance and emergence of new genome systems},
  author={Christine, J Ye and Regan, Sarah and Liu, Guo and Alemara, Sarah and Heng, Henry H},
  journal={Molecular cytogenetics},
  volume={11},
  number={1},
  pages={1--13},
  year={2018},
  publisher={BioMed Central}
}
@article{nowak2002role,
  title={The role of chromosomal instability in tumor initiation},
  author={Nowak, Martin A and Komarova, Natalia L and Sengupta, Anirvan and Jallepalli, Prasad V and Shih, Ie-Ming and Vogelstein, Bert and Lengauer, Christoph},
  journal={Proceedings of the National Academy of Sciences},
  volume={99},
  number={25},
  pages={16226--16231},
  year={2002},
  publisher={National Acad Sciences}
}
@article{pavelka2010dr,
  title={Dr {J}ekyll and {M}r {H}yde: role of aneuploidy in cellular adaptation and cancer},
  author={Pavelka, Norman and Rancati, Giulia and Li, Rong},
  journal={Current opinion in cell biology},
  volume={22},
  number={6},
  pages={809--815},
  year={2010},
  publisher={Elsevier}
}
@article{komarova2003mutation,
  title={Mutation--selection networks of cancer initiation: tumor suppressor genes and chromosomal instability},
  author={Komarova, Natalia L and Sengupta, Anirvan and Nowak, Martin A},
  journal={Journal of theoretical biology},
  volume={223},
  number={4},
  pages={433--450},
  year={2003},
  publisher={Elsevier}
}
@article{zhu2018cellular,
  title={Cellular stress associated with aneuploidy},
  author={Zhu, Jin and Tsai, Hung-Ji and Gordon, Molly R and Li, Rong},
  journal={Developmental cell},
  volume={44},
  number={4},
  pages={420--431},
  year={2018},
  publisher={Elsevier}
}
@article{carja2019evolutionary,
  title={Evolutionary rescue through partly heritable phenotypic variability},
  author={Carja, Oana and Plotkin, Joshua B},
  journal={Genetics},
  volume={211},
  number={3},
  pages={977--988},
  year={2019},
  publisher={Oxford University Press}
}
@article{carja2017evolutionary,
  title={The evolutionary advantage of heritable phenotypic heterogeneity},
  author={Carja, Oana and Plotkin, Joshua B},
  journal={Scientific reports},
  volume={7},
  number={1},
  pages={1--12},
  year={2017},
  publisher={Nature Publishing Group}
}
@article{uecker2014evolutionary,
  title={Evolutionary rescue in structured populations},
  author={Uecker, Hildegard and Otto, Sarah P and Hermisson, Joachim},
  journal={The American Naturalist},
  volume={183},
  number={1},
  pages={E17--E35},
  year={2014},
  publisher={University of Chicago Press Chicago, IL}
}
@article{uecker2016role,
  title={The role of recombination in evolutionary rescue},
  author={Uecker, Hildegard and Hermisson, Joachim},
  journal={Genetics},
  volume={202},
  number={2},
  pages={721--732},
  year={2016},
  publisher={Oxford University Press}
}
@article{uecker2011fixation,
  title={On the fixation process of a beneficial mutation in a variable environment},
  author={Uecker, Hildegard and Hermisson, Joachim},
  journal={Genetics},
  volume={188},
  number={4},
  pages={915--930},
  year={2011},
  publisher={Oxford University Press}
}
@article{cobbold2020should,
  title={Should {I} stay or should {I} go: partially sedentary populations can outperform fully dispersing populations in response to climate-induced range shifts},
  author={Cobbold, Christina A and Stana, Remus},
  journal={Bulletin of Mathematical Biology},
  volume={82},
  number={2},
  pages={1--21},
  year={2020},
  publisher={Springer}
}
@article{marrec2020adapt,
  title={Adapt or perish: Evolutionary rescue in a gradually deteriorating environment},
  author={Marrec, Lo{\"\i}c and Bitbol, Anne-Florence},
  journal={Genetics},
  volume={216},
  number={2},
  pages={573--583},
  year={2020},
  publisher={Oxford University Press}
}
@book{allen2010introduction,
  title={An introduction to stochastic processes with applications to biology},
  author={Allen, Linda JS},
  year={2010},
  publisher={CRC press}
}
@article{levien2021non,
  title={Non-genetic variability in microbial populations: survival strategy or nuisance?},
  author={Levien, Ethan and Min, Jiseon and Kondev, Jane and Amir, Ariel},
  journal={Reports on Progress in Physics},
  volume={84},
  number={11},
  pages={116601},
  year={2021},
  publisher={IOP Publishing}
}
@article{weissman2010rate,
  title={The rate of fitness-valley crossing in sexual populations},
  author={Weissman, Daniel B and Feldman, Marcus W and Fisher, Daniel S},
  journal={Genetics},
  volume={186},
  number={4},
  pages={1389--1410},
  year={2010},
  publisher={Oxford University Press}
}
@article{tanaka2022surviving,
  title={Surviving environmental change: when increasing population size can increase extinction risk},
  author={Tanaka, Mark M and Wahl, Lindi M},
  journal={Proceedings of the Royal Society B},
  volume={289},
  number={1976},
  pages={20220439},
  year={2022},
  publisher={The Royal Society}
}
@article{weissman2009rate,
  title={The rate at which asexual populations cross fitness valleys},
  author={Weissman, Daniel B and Desai, Michael M and Fisher, Daniel S and Feldman, Marcus W},
  journal={Theoretical population biology},
  volume={75},
  number={4},
  pages={286--300},
  year={2009},
  publisher={Elsevier}
}
@article{stana2021diffusion,
  title={Diffusion in a disk with a circular inclusion},
  author={Stana, Remus and Lythe, Grant and Molina-Par{\'\i}s, Carmen},
  journal={SIAM Journal on Applied Mathematics},
  volume={81},
  number={3},
  pages={1287--1302},
  year={2021},
  publisher={SIAM}
}
@phdthesis{stana2020diffusive,
  title={Diffusive transport: theory and application},
  author={Stana, Remus Laurentiu},
  year={2020},
  school={University of Leeds}
}
@article{stana2022diffusion,
  title={Diffusion in a disk with inclusion: Evaluating Green’s functions},
  author={Stana, Remus and Lythe, Grant},
  journal={Plos one},
  volume={17},
  number={4},
  pages={e0265935},
  year={2022},
  publisher={Public Library of Science San Francisco, CA USA}
}
@article{ippolito2021gene,
  title={Gene copy-number changes and chromosomal instability induced by aneuploidy confer resistance to chemotherapy},
  author={Ippolito, Marica Rosaria and Martis, Valentino and Martin, Sara and Tijhuis, Andr{\'e}a E and Hong, Christy and Wardenaar, Ren{\'e} and Dumont, Marie and Zerbib, Johanna and Spierings, Diana CJ and Fachinetti, Daniele and others},
  journal={Developmental cell},
  volume={56},
  number={17},
  pages={2440--2454},
  year={2021},
  publisher={Elsevier}
}
@article{ben2020context,
  title={Context is everything: aneuploidy in cancer},
  author={Ben-David, Uri and Amon, Angelika},
  journal={Nature Reviews Genetics},
  volume={21},
  number={1},
  pages={44--62},
  year={2020},
  publisher={Nature Publishing Group}
}
@article{cohen2021aneuploidy,
  title={Aneuploidy renders cancer cells vulnerable to mitotic checkpoint inhibition},
  author={Cohen-Sharir, Yael and McFarland, James M and Abdusamad, Mai and Marquis, Carolyn and Bernhard, Sara V and Kazachkova, Mariya and Tang, Helen and Ippolito, Marica R and Laue, Kathrin and Zerbib, Johanna and others},
  journal={Nature},
  volume={590},
  number={7846},
  pages={486--491},
  year={2021},
  publisher={Nature Publishing Group}
}
@article{replogle2020aneuploidy,
  title={Aneuploidy increases resistance to chemotherapeutics by antagonizing cell division},
  author={Replogle, John Michael and Zhou, Wen and Amaro, Adrianna E and McFarland, James M and Villalobos-Ortiz, Mariana and Ryan, Jeremy and Letai, Anthony and Yilmaz, Omer and Sheltzer, Jason and Lippard, Stephen J and others},
  journal={Proceedings of the National Academy of Sciences},
  volume={117},
  number={48},
  pages={30566--30576},
  year={2020},
  publisher={National Acad Sciences}
}
@article{andor2016pan,
  title={Pan-cancer analysis of the extent and consequences of intratumor heterogeneity},
  author={Andor, Noemi and Graham, Trevor A and Jansen, Marnix and Xia, Li C and Aktipis, C and Petritsch, Claudia and Ji, Hanlee P and Maley, Carlo C},
  journal={Nature medicine},
  volume={22},
  number={1},
  pages={105--113},
  year={2016},
  publisher={Nature Publishing Group}
}
@article{birkbak2011paradoxical,
  title={Paradoxical Relationship between Chromosomal Instability and Survival Outcome in CancerChromosomal Instability and Cancer Survival},
  author={Birkbak, Nicolai J and Eklund, Aron C and Li, Qiyuan and McClelland, Sarah E and Endesfelder, David and Tan, Patrick and Tan, Iain B and Richardson, Andrea L and Szallasi, Zoltan and Swanton, Charles},
  journal={Cancer research},
  volume={71},
  number={10},
  pages={3447--3452},
  year={2011},
  publisher={AACR}
}
@article{gomez2019chromosome,
  title={Chromosome 12p amplification in triple-negative/BRCA1-mutated breast cancer associates with emergence of docetaxel resistance and carboplatin sensitivity},
  author={Gomez-Miragaya, Jorge and Diaz-Navarro, Ander and Tonda, Raul and Beltran, Sergi and Palomero, Luis and Palafox, Marta and Dobrolecki, Lacey E and Huang, Chen and Vasaikar, Suhas and Zhang, Bing and others},
  journal={Cancer research},
  volume={79},
  number={16},
  pages={4258--4270},
  year={2019},
  publisher={AACR}
}
@article{avecilla2022neural,
  title={Neural networks enable efficient and accurate simulation-based inference of evolutionary parameters from adaptation dynamics},
  author={Avecilla, Grace and Chuong, Julie N and Li, Fangfei and Sherlock, Gavin and Gresham, David and Ram, Yoav},
  journal={PLoS Biology},
  volume={20},
  number={5},
  pages={e3001633},
  year={2022},
  publisher={Public Library of Science San Francisco, CA USA}
}
@article{wang2021aneuploid,
  title={Aneuploid senescent cells activate NF-$\kappa$B to promote their immune clearance by NK cells},
  author={Wang, Ruoxi W and Vigano, Sonia and Ben-David, Uri and Amon, Angelika and Santaguida, Stefano},
  journal={EMBO reports},
  volume={22},
  number={8},
  pages={e52032},
  year={2021}
}
@article{cohen2021relevance,
  title={Relevance of aneuploidy for cancer therapies targeting the spindle assembly checkpoint and KIF18A},
  author={Cohen-Sharir, Yael and Ben-David, Uri},
  journal={Molecular \& Cellular Oncology},
  volume={8},
  number={3},
  pages={1915075},
  year={2021},
  publisher={Taylor \& Francis}
}
@article{komarova2008selective,
  title={Selective pressures for and against genetic instability in cancer: a time-dependent problem},
  author={Komarova, Natalia L and Sadovsky, Alexander V and Wan, Frederic YM},
  journal={Journal of The Royal Society Interface},
  volume={5},
  number={18},
  pages={105--121},
  year={2008},
  publisher={The Royal Society London}
}
@article{schukken2018cin,
  title={{CIN} and aneuploidy: different concepts, different consequences},
  author={Schukken, Klaske M and Foijer, Floris},
  journal={Bioessays},
  volume={40},
  number={1},
  pages={1700147},
  year={2018},
  publisher={Wiley Online Library}
}
@article{wilson2017soft,
  title={Soft selective sweeps in evolutionary rescue},
  author={Wilson, Benjamin A and Pennings, Pleuni S and Petrov, Dmitri A},
  journal={Genetics},
  volume={205},
  number={4},
  pages={1573--1586},
  year={2017},
  publisher={Oxford University Press}
}
@article{martin2013probability,
  title={The probability of evolutionary rescue: towards a quantitative comparison between theory and evolution experiments},
  author={Martin, Guillaume and Aguil{\'e}e, Robin and Ramsayer, Johan and Kaltz, Oliver and Ronce, Oph{\'e}lie},
  journal={Philosophical Transactions of the Royal Society B: Biological Sciences},
  volume={368},
  number={1610},
  pages={20120088},
  year={2013},
  publisher={The Royal Society}
}
@article{brauner2016distinguishing,
  title={Distinguishing between resistance, tolerance and persistence to antibiotic treatment},
  author={Brauner, Asher and Fridman, Ofer and Gefen, Orit and Balaban, Nathalie Q},
  journal={Nature Reviews Microbiology},
  volume={14},
  number={5},
  pages={320--330},
  year={2016},
  publisher={Nature Publishing Group UK London}
}
@article{rybnikov2021fitness,
  title={Fitness dependence preserves selection for recombination across diverse mixed mating strategies},
  author={Rybnikov, Sviatoslav and Weissman, Daniel B and H{\"u}bner, Sariel and Korol, Abraham B},
  journal={Journal of Theoretical Biology},
  volume={528},
  pages={110849},
  year={2021},
  publisher={Elsevier}
}
@book{harris1963theory,
  title={The theory of branching processes},
  author={Harris, Theodore Edward},
  volume={6},
  year={1963},
  publisher={Springer Berlin}
}
@article{martens2011spatial,
  title={Spatial structure increases the waiting time for cancer},
  author={Martens, Erik A and Kostadinov, Rumen and Maley, Carlo C and Hallatschek, Oskar},
  journal={New journal of physics},
  volume={13},
  number={11},
  pages={115014},
  year={2011},
  publisher={IOP Publishing}
}
@article{gillespie1976general,
  title={A general method for numerically simulating the stochastic time evolution of coupled chemical reactions},
  author={Gillespie, Daniel T},
  journal={Journal of computational physics},
  volume={22},
  number={4},
  pages={403--434},
  year={1976},
  publisher={Elsevier}
}
@article{gillespie1977exact,
  title={Exact stochastic simulation of coupled chemical reactions},
  author={Gillespie, Daniel T},
  journal={The journal of physical chemistry},
  volume={81},
  number={25},
  pages={2340--2361},
  year={1977},
  publisher={ACS Publications}
}
@article{gillespie2001approximate,
  title={Approximate accelerated stochastic simulation of chemically reacting systems},
  author={Gillespie, Daniel T},
  journal={The Journal of chemical physics},
  volume={115},
  number={4},
  pages={1716--1733},
  year={2001},
  publisher={American Institute of Physics}
}
@inproceedings{python,
author = {{Van Rossum}, Guido and Others},
booktitle = {USENIX Annu. Tech. Conf.},
title = {Python Programming Language},
year = {2007}
}
@article{nowak2004evolutionary,
  title={Evolutionary dynamics of tumor suppressor gene inactivation},
  author={Nowak, Martin A and Michor, Franziska and Komarova, Natalia L and Iwasa, Yoh},
  journal={Proceedings of the National Academy of Sciences},
  volume={101},
  number={29},
  pages={10635--10638},
  year={2004},
  publisher={National Acad Sciences}
}
@article{del2009does,
  title={Does the cell number $10^9$ still really fit one gram of tumor tissue?},
  author={Del Monte, Ugo},
  journal={Cell cycle},
  volume={8},
  number={3},
  pages={505--506},
  year={2009},
  publisher={Taylor \& Francis}
}
@article{bakker2023predicting,
  title={Predicting {CIN} rates from single-cell whole genome sequencing data using an \textit{in silico} model},
  author={Bakker, Bjorn and Schubert, Michael and Bolhaqueiro, Ana CF and Kops, Geert JPL and Spierings, Diana CJ and Foijer, Floris},
  journal={bioRxiv},
  pages={2023--02},
  year={2023},
  publisher={Cold Spring Harbor Laboratory}
}
@article{bozic2013evolutionary,
  title={Evolutionary dynamics of cancer in response to targeted combination therapy},
  author={Bozic, Ivana and Reiter, Johannes G and Allen, Benjamin and Antal, Tibor and Chatterjee, Krishnendu and Shah, Preya and Moon, Yo Sup and Yaqubie, Amin and Kelly, Nicole and Le, Dung T and others},
  journal={eLife},
  volume={2},
  pages={e00747},
  year={2013},
  publisher={eLife Sciences Publications, Ltd}
}
@article{uecker2015adaptive,
  title={Adaptive gene introgression after secondary contact},
  author={Uecker, Hildegard and Setter, Derek and Hermisson, Joachim},
  journal={Journal of mathematical biology},
  volume={70},
  pages={1523--1580},
  year={2015},
  publisher={Springer}
}
@article{pompei2023fitness,
  title={A fitness trade-off explains the early fate of yeast aneuploids with chromosome gains},
  author={Pompei, Simone and Cosentino Lagomarsino, Marco},
  journal={Proceedings of the National Academy of Sciences},
  volume={120},
  number={15},
  pages={e2211687120},
  year={2023},
  publisher={National Acad Sciences}
}
@article{wang2019molecular,
  title={Molecular design and anticancer activities of small-molecule monopolar spindle 1 inhibitors: A Medicinal chemistry perspective},
  author={Wang, Shutao and Zhang, Muxin and Liang, Di and Sun, Wei and Zhang, Chaozai and Jiang, Mengnan and Liu, Junli and Li, Jiaguo and Li, Chenchen and Yang, Xiaohong and others},
  journal={European Journal of Medicinal Chemistry},
  volume={175},
  pages={247--268},
  year={2019},
  publisher={Elsevier}
}
@article{mason2017functional,
  title={Functional characterization of CFI-402257, a potent and selective Mps1/TTK kinase inhibitor, for the treatment of cancer},
  author={Mason, Jacqueline M and Wei, Xin and Fletcher, Graham C and Kiarash, Reza and Brokx, Richard and Hodgson, Richard and Beletskaya, Irina and Bray, Mark R and Mak, Tak W},
  journal={Proceedings of the National Academy of Sciences},
  volume={114},
  number={12},
  pages={3127--3132},
  year={2017},
  publisher={National Acad Sciences}
}
@article{giam2015aneuploidy,
  title={Aneuploidy and chromosomal instability in cancer: a jackpot to chaos},
  author={Giam, Maybelline and Rancati, Giulia},
  journal={Cell division},
  volume={10},
  number={1},
  pages={1--12},
  year={2015},
  publisher={BioMed Central}
}
@incollection{klebaner1997population,
  title={Population and density dependent branching processes},
  author={Klebaner, FC},
  booktitle={Classical and modern branching processes},
  pages={165--169},
  year={1997},
  publisher={Springer}
}
@article{rew2000cell,
  title={Cell production rates in human tissues and tumours and their significance. Part II: clinical data},
  author={Rew, DA and Wilson, GD},
  journal={European Journal of Surgical Oncology (EJSO)},
  volume={26},
  number={4},
  pages={405--417},
  year={2000},
  publisher={Elsevier}
}
@article{carlson2003tumor,
  title={Tumor doubling time of cutaneous melanoma and its metastasis},
  author={Carlson, J Andrew},
  journal={The American journal of dermatopathology},
  volume={25},
  number={4},
  pages={291--299},
  year={2003},
  publisher={LWW}
}
@article{loeb2001mutator,
  title={A mutator phenotype in cancer},
  author={Loeb, Lawrence A},
  journal={Cancer research},
  volume={61},
  number={8},
  pages={3230--3239},
  year={2001},
  publisher={AACR}
}

@article{lukow2021chromosomal,
  title={Chromosomal instability accelerates the evolution of resistance to anti-cancer therapies},
  author={Lukow, Devon A and Sausville, Erin L and Suri, Pavit and Chunduri, Narendra Kumar and Wieland, Angela and Leu, Justin and Smith, Joan C and Girish, Vishruth and Kumar, Ankith A and Kendall, Jude and others},
  journal={Developmental cell},
  volume={56},
  number={17},
  pages={2427--2439},
  year={2021},
  publisher={Elsevier}
}

@article{rutledge2016selective,
  title={Selective advantage of trisomic human cells cultured in non-standard conditions},
  author={Rutledge, Samuel D and Douglas, Temple A and Nicholson, Joshua M and Vila-Casades{\'u}s, Maria and Kantzler, Courtney L and Wangsa, Darawalee and Barroso-Vilares, Monika and Kale, Shiv D and Logarinho, Elsa and Cimini, Daniela},
  journal={Scientific reports},
  volume={6},
  number={1},
  pages={22828},
  year={2016},
  publisher={Nature Publishing Group UK London}
}

@article{salehi2021clonal,
  title={Clonal fitness inferred from time-series modelling of single-cell cancer genomes},
  author={Salehi, Sohrab and Kabeer, Farhia and Ceglia, Nicholas and Andronescu, Mirela and Williams, Marc J and Campbell, Kieran R and Masud, Tehmina and Wang, Beixi and Biele, Justina and Brimhall, Jazmine and others},
  journal={Nature},
  volume={595},
  number={7868},
  pages={585--590},
  year={2021},
  publisher={Nature Publishing Group UK London}
}

@article{avanzini2019cancer,
  title={Cancer recurrence times from a branching process model},
  author={Avanzini, Stefano and Antal, Tibor},
  journal={PLoS computational biology},
  volume={15},
  number={11},
  pages={e1007423},
  year={2019},
  publisher={Public Library of Science San Francisco, CA USA}
}

@article{komarova2004optimal,
  title={The optimal rate of chromosome loss for the inactivation of tumor suppressor genes in cancer},
  author={Komarova, Natalia L and Wodarz, Dominik},
  journal={Proceedings of the National Academy of Sciences},
  volume={101},
  number={18},
  pages={7017--7021},
  year={2004},
  publisher={National Acad Sciences}
}

@article{zhou2022range,
  title={Range Shifts Under Constant-Speed and Accelerated Climate Warming},
  author={Zhou, Ying},
  journal={Bulletin of Mathematical Biology},
  volume={84},
  number={1},
  pages={1},
  year={2022},
  publisher={Springer}
}

@article{harsch2014keeping,
  title={Keeping pace with climate change: stage-structured moving-habitat models},
  author={Harsch, Melanie A and Zhou, Ying and HilleRisLambers, Janneke and Kot, Mark},
  journal={The American Naturalist},
  volume={184},
  number={1},
  pages={25--37},
  year={2014},
  publisher={University of Chicago Press Chicago, IL}
}

@article{chaffer2011perspective,
  title={A perspective on cancer cell metastasis},
  author={Chaffer, Christine L and Weinberg, Robert A},
  journal={science},
  volume={331},
  number={6024},
  pages={1559--1564},
  year={2011},
  publisher={American Association for the Advancement of Science}
}

@article{wahl2023evolutionary,
  title={Evolutionary rescue on genotypic fitness landscapes},
  author={Wahl, LM and Campos, Paulo RA},
  journal={Journal of the Royal Society Interface},
  volume={20},
  number={208},
  pages={20230424},
  year={2023},
  publisher={The Royal Society}
}

@article{martin2007distributions,
  title={Distributions of epistasis in microbes fit predictions from a fitness landscape model},
  author={Martin, Guillaume and Elena, Santiago F and Lenormand, Thomas},
  journal={Nature genetics},
  volume={39},
  number={4},
  pages={555--560},
  year={2007},
  publisher={Nature Publishing Group US New York}
}

@article{osmond2020genetic,
  title={Genetic paths to evolutionary rescue and the distribution of fitness effects along them},
  author={Osmond, Matthew M and Otto, Sarah P and Martin, Guillaume},
  journal={Genetics},
  volume={214},
  number={2},
  pages={493--510},
  year={2020},
  publisher={Oxford University Press}
}

@article{marrec2023evolutionary,
  title={Evolutionary rescue in a fluctuating environment: periodic versus quasi-periodic environmental changes},
  author={Marrec, Lo{\"\i}c and Bank, Claudia},
  journal={Proceedings of the Royal Society B},
  volume={290},
  number={1999},
  pages={20230770},
  year={2023},
  publisher={The Royal Society}
}

@article{orr2014population,
  title={The population genetics of evolutionary rescue},
  author={Orr, H Allen and Unckless, Robert L},
  journal={PLoS genetics},
  volume={10},
  number={8},
  pages={e1004551},
  year={2014},
  publisher={Public Library of Science San Francisco, USA}
}

@article{orr2008population,
  title={Population extinction and the genetics of adaptation},
  author={Orr, H Allen and Unckless, Robert L},
  journal={The American Naturalist},
  volume={172},
  number={2},
  pages={160--169},
  year={2008},
  publisher={The University of Chicago Press}
}

@article{gunnarsson2020understanding,
  title={Understanding the role of phenotypic switching in cancer drug resistance},
  author={Gunnarsson, Einar Bjarki and De, Subhajyoti and Leder, Kevin and Foo, Jasmine},
  journal={Journal of theoretical biology},
  volume={490},
  pages={110162},
  year={2020},
  publisher={Elsevier}
}

@article{gisselsson2010generation,
  title={Generation of trisomies in cancer cells by multipolar mitosis and incomplete cytokinesis},
  author={Gisselsson, David and Jin, Yuesheng and Lindgren, David and Persson, Johan and Gisselsson, Lennart and Hanks, Sandra and Sehic, Daniel and Mengelbier, Linda Holmquist and {\O}ra, Ingrid and Rahman, Nazneen and others},
  journal={Proceedings of the National Academy of Sciences},
  volume={107},
  number={47},
  pages={20489--20493},
  year={2010},
  publisher={National Acad Sciences}
}

@article{kocarnik2022cancer,
  title={Cancer incidence, mortality, years of life lost, years lived with disability, and disability-adjusted life years for 29 cancer groups from 2010 to 2019: a systematic analysis for the global burden of disease study 2019},
  author={Kocarnik, Jonathan M and Compton, Kelly and Dean, Frances E and Fu, Weijia and Gaw, Brian L and Harvey, James D and Henrikson, Hannah Jacqueline and Lu, Dan and Pennini, Alyssa and Xu, Rixing and others},
  journal={JAMA oncology},
  volume={8},
  number={3},
  pages={420--444},
  year={2022},
  publisher={American Medical Association}
}

@article{lee2016effects,
  title={Effects of anticancer drugs on chromosome instability and new clinical implications for tumor-suppressing therapies},
  author={Lee, Hee-Sheung and Lee, Nicholas CO and Kouprina, Natalay and Kim, Jung-Hyun and Kagansky, Alex and Bates, Susan and Trepel, Jane B and Pommier, Yves and Sackett, Dan and Larionov, Vladimir},
  journal={Cancer research},
  volume={76},
  number={4},
  pages={902--911},
  year={2016},
  publisher={AACR}
}

@article{smith2018systematic,
  title={Systematic identification of mutations and copy number alterations associated with cancer patient prognosis},
  author={Smith, Joan C and Sheltzer, Jason M},
  journal={elife},
  volume={7},
  pages={e39217},
  year={2018},
  publisher={eLife Sciences Publications, Ltd}
}

@article{galon2010immune,
  title={Immune infiltration in human tumors: a prognostic factor that should not be ignored},
  author={Galon, J and Dieu-Nosjean, MC and Tartour, E and Sautes-Fridman, C and Fridman, WH and others},
  journal={Oncogene},
  volume={29},
  number={8},
  pages={1093--1102},
  year={2010},
  publisher={Nature Publishing Group}
}

@article{varrone2023cellcharter,
  title={CellCharter reveals spatial cell niches associated with tissue remodeling and cell plasticity},
  author={Varrone, Marco and Tavernari, Daniele and Santamaria-Mart{\'\i}nez, Albert and Walsh, Logan A and Ciriello, Giovanni},
  journal={Nature Genetics},
  pages={1--11},
  year={2023},
  publisher={Nature Publishing Group US New York}
}

@article{kimmel2023intra,
  title={Intra-tumor heterogeneity, turnover rate and karyotype space shape susceptibility to missegregation-induced extinction},
  author={Kimmel, Gregory J and Beck, Richard J and Yu, Xiaoqing and Veith, Thomas and Bakhoum, Samuel and Altrock, Philipp M and Andor, Noemi},
  journal={PLOS Computational Biology},
  volume={19},
  number={1},
  pages={e1010815},
  year={2023},
  publisher={Public Library of Science San Francisco, CA USA}
}

@article{gomulkiewicz1995does,
  title={When does evolution by natural selection prevent extinction?},
  author={Gomulkiewicz, Richard and Holt, Robert D},
  journal={Evolution},
  pages={201--207},
  year={1995},
  publisher={JSTOR}
}